symbol,timestamp,datetime,side,price,amount,btc_volume
AST/BTC,1535297434173,2018-08-26T15:30:34.173Z,buy,1.435e-05,4.0,5.74e-05
AST/BTC,1535297632966,2018-08-26T15:33:52.966Z,buy,1.435e-05,4.0,5.74e-05
AST/BTC,1535297651272,2018-08-26T15:34:11.272Z,buy,1.434e-05,353.0,0.0050620199999999995
AST/BTC,1535297651272,2018-08-26T15:34:11.272Z,buy,1.435e-05,903.0,0.01295805
AST/BTC,1535297651272,2018-08-26T15:34:11.272Z,buy,1.436e-05,361.0,0.00518396
AST/BTC,1535297687583,2018-08-26T15:34:47.583Z,sell,1.427e-05,2.0,2.854e-05
AST/BTC,1535297725559,2018-08-26T15:35:25.559Z,sell,1.427e-05,7.0,9.989000000000001e-05
AST/BTC,1535298371060,2018-08-26T15:46:11.060Z,buy,1.436e-05,262.0,0.00376232
AST/BTC,1535298463157,2018-08-26T15:47:43.157Z,buy,1.436e-05,101.0,0.00145036
AST/BTC,1535298463157,2018-08-26T15:47:43.157Z,buy,1.438e-05,1433.0,0.02060654
AST/BTC,1535298463157,2018-08-26T15:47:43.157Z,buy,1.444e-05,189.0,0.00272916
AST/BTC,1535298463157,2018-08-26T15:47:43.157Z,buy,1.445e-05,1278.0,0.0184671
AST/BTC,1535298463157,2018-08-26T15:47:43.157Z,buy,1.446e-05,2000.0,0.02892
AST/BTC,1535298463157,2018-08-26T15:47:43.157Z,buy,1.448e-05,142.0,0.00205616
AST/BTC,1535298463157,2018-08-26T15:47:43.157Z,buy,1.449e-05,720.0,0.0104328
AST/BTC,1535298463157,2018-08-26T15:47:43.157Z,buy,1.45e-05,8442.0,0.122409
AST/BTC,1535298463157,2018-08-26T15:47:43.157Z,buy,1.451e-05,9062.0,0.13148962
AST/BTC,1535298463157,2018-08-26T15:47:43.157Z,buy,1.452e-05,835.0,0.0121242
AST/BTC,1535298463157,2018-08-26T15:47:43.157Z,buy,1.453e-05,522.0,0.00758466
AST/BTC,1535298463157,2018-08-26T15:47:43.157Z,buy,1.454e-05,77.0,0.00111958
AST/BTC,1535298463157,2018-08-26T15:47:43.157Z,buy,1.455e-05,500.0,0.007275
AST/BTC,1535298463157,2018-08-26T15:47:43.157Z,buy,1.457e-05,226.0,0.0032928199999999997
AST/BTC,1535298463157,2018-08-26T15:47:43.157Z,buy,1.459e-05,113.0,0.0016486699999999999
AST/BTC,1535298463157,2018-08-26T15:47:43.157Z,buy,1.46e-05,3064.0,0.0447344
AST/BTC,1535298463157,2018-08-26T15:47:43.157Z,buy,1.463e-05,1222.0,0.017877860000000002
AST/BTC,1535298463157,2018-08-26T15:47:43.157Z,buy,1.465e-05,383.0,0.00561095
AST/BTC,1535298463157,2018-08-26T15:47:43.157Z,buy,1.466e-05,152.0,0.00222832
AST/BTC,1535298463157,2018-08-26T15:47:43.157Z,buy,1.469e-05,460.0,0.0067574
AST/BTC,1535298463157,2018-08-26T15:47:43.157Z,buy,1.47e-05,1748.0,0.0256956
AST/BTC,1535298463157,2018-08-26T15:47:43.157Z,buy,1.477e-05,130.0,0.0019200999999999999
AST/BTC,1535298463157,2018-08-26T15:47:43.157Z,buy,1.479e-05,2397.0,0.035451630000000005
AST/BTC,1535298463157,2018-08-26T15:47:43.157Z,buy,1.48e-05,5834.0,0.08634320000000001
AST/BTC,1535298463157,2018-08-26T15:47:43.157Z,buy,1.481e-05,5972.0,0.08844532000000001
AST/BTC,1535298463157,2018-08-26T15:47:43.157Z,buy,1.482e-05,819.0,0.01213758
AST/BTC,1535298463157,2018-08-26T15:47:43.157Z,buy,1.484e-05,680.0,0.0100912
AST/BTC,1535298463157,2018-08-26T15:47:43.157Z,buy,1.485e-05,308.0,0.0045738
AST/BTC,1535298463157,2018-08-26T15:47:43.157Z,buy,1.488e-05,1881.0,0.02798928
AST/BTC,1535298463157,2018-08-26T15:47:43.157Z,buy,1.49e-05,9118.0,0.13585819999999998
AST/BTC,1535298463157,2018-08-26T15:47:43.157Z,buy,1.491e-05,7954.0,0.11859414
AST/BTC,1535298463183,2018-08-26T15:47:43.183Z,sell,1.486e-05,75.0,0.0011145
AST/BTC,1535298463183,2018-08-26T15:47:43.183Z,sell,1.47e-05,325.0,0.0047775
AST/BTC,1535298463187,2018-08-26T15:47:43.187Z,sell,1.47e-05,75.0,0.0011025
AST/BTC,1535298463197,2018-08-26T15:47:43.197Z,buy,1.493e-05,75.0,0.0011197499999999999
AST/BTC,1535298463769,2018-08-26T15:47:43.769Z,buy,1.492e-05,452.0,0.00674384
AST/BTC,1535298463769,2018-08-26T15:47:43.769Z,buy,1.493e-05,2884.0,0.04305812
AST/BTC,1535298464380,2018-08-26T15:47:44.380Z,sell,1.45e-05,452.0,0.006554
AST/BTC,1535298464769,2018-08-26T15:47:44.769Z,sell,1.451e-05,689.0,0.00999739
AST/BTC,1535298464769,2018-08-26T15:47:44.769Z,sell,1.45e-05,945.0,0.0137025
AST/BTC,1535298464953,2018-08-26T15:47:44.953Z,sell,1.45e-05,938.0,0.013601
AST/BTC,1535298465194,2018-08-26T15:47:45.194Z,sell,1.45e-05,523.0,0.0075835
AST/BTC,1535298465194,2018-08-26T15:47:45.194Z,sell,1.449e-05,412.0,0.00596988
AST/BTC,1535298465194,2018-08-26T15:47:45.194Z,sell,1.447e-05,153.0,0.00221391
AST/BTC,1535298465195,2018-08-26T15:47:45.195Z,sell,1.447e-05,467.0,0.0067574900000000005
AST/BTC,1535298465195,2018-08-26T15:47:45.195Z,sell,1.446e-05,556.0,0.00803976
AST/BTC,1535298465352,2018-08-26T15:47:45.352Z,sell,1.45e-05,650.0,0.009425
AST/BTC,1535298465352,2018-08-26T15:47:45.352Z,sell,1.446e-05,43.0,0.00062178
AST/BTC,1535298465508,2018-08-26T15:47:45.508Z,sell,1.447e-05,160.0,0.0023152
AST/BTC,1535298466196,2018-08-26T15:47:46.196Z,sell,1.448e-05,303.0,0.00438744
AST/BTC,1535298466282,2018-08-26T15:47:46.282Z,sell,1.449e-05,655.0,0.00949095
AST/BTC,1535298466555,2018-08-26T15:47:46.555Z,sell,1.449e-05,569.0,0.00824481
AST/BTC,1535298467009,2018-08-26T15:47:47.009Z,sell,1.449e-05,343.0,0.00497007
AST/BTC,1535298467192,2018-08-26T15:47:47.192Z,sell,1.449e-05,499.0,0.00723051
AST/BTC,1535298467857,2018-08-26T15:47:47.857Z,sell,1.45e-05,200.0,0.0029
AST/BTC,1535298468200,2018-08-26T15:47:48.200Z,sell,1.45e-05,4054.0,0.058783
AST/BTC,1535298471215,2018-08-26T15:47:51.215Z,sell,1.449e-05,162.0,0.00234738
AST/BTC,1535298472294,2018-08-26T15:47:52.294Z,sell,1.448e-05,131.0,0.00189688
AST/BTC,1535298479862,2018-08-26T15:47:59.862Z,buy,1.442e-05,1076.0,0.015515919999999999
AST/BTC,1535298479862,2018-08-26T15:47:59.862Z,buy,1.443e-05,828.0,0.01194804
AST/BTC,1535298479862,2018-08-26T15:47:59.862Z,buy,1.444e-05,1025.0,0.014801
AST/BTC,1535298479862,2018-08-26T15:47:59.862Z,buy,1.448e-05,1411.0,0.02043128
AST/BTC,1535298479862,2018-08-26T15:47:59.862Z,buy,1.45e-05,1738.0,0.025201
AST/BTC,1535298479862,2018-08-26T15:47:59.862Z,buy,1.454e-05,412.0,0.00599048
AST/BTC,1535298479862,2018-08-26T15:47:59.862Z,buy,1.457e-05,620.0,0.0090334
AST/BTC,1535298479862,2018-08-26T15:47:59.862Z,buy,1.458e-05,412.0,0.0060069599999999996
AST/BTC,1535298479862,2018-08-26T15:47:59.862Z,buy,1.483e-05,599.0,0.008883170000000001
AST/BTC,1535298479862,2018-08-26T15:47:59.862Z,buy,1.487e-05,162.0,0.00240894
AST/BTC,1535298479862,2018-08-26T15:47:59.862Z,buy,1.489e-05,4423.0,0.06585847
AST/BTC,1535298479862,2018-08-26T15:47:59.862Z,buy,1.49e-05,6591.0,0.0982059
AST/BTC,1535298479881,2018-08-26T15:47:59.881Z,sell,1.491e-05,13498.0,0.20125518
AST/BTC,1535298479907,2018-08-26T15:47:59.907Z,buy,1.493e-05,7181.0,0.10721233
AST/BTC,1535298479910,2018-08-26T15:47:59.910Z,sell,1.491e-05,6507.0,0.09701937
AST/BTC,1535298479913,2018-08-26T15:47:59.913Z,buy,1.493e-05,773.0,0.01154089
AST/BTC,1535298479920,2018-08-26T15:47:59.920Z,sell,1.491e-05,68.0,0.00101388
AST/BTC,1535298480193,2018-08-26T15:48:00.193Z,sell,1.491e-05,7683.0,0.11455353
AST/BTC,1535298480234,2018-08-26T15:48:00.234Z,sell,1.491e-05,6747.0,0.10059777
AST/BTC,1535298480755,2018-08-26T15:48:00.755Z,buy,1.492e-05,519.0,0.00774348
AST/BTC,1535298480755,2018-08-26T15:48:00.755Z,buy,1.493e-05,2817.0,0.04205781
AST/BTC,1535298481034,2018-08-26T15:48:01.034Z,sell,1.492e-05,201.0,0.00299892
AST/BTC,1535298481102,2018-08-26T15:48:01.102Z,sell,1.492e-05,500.0,0.00746
AST/BTC,1535298481268,2018-08-26T15:48:01.268Z,sell,1.492e-05,360.0,0.0053712
AST/BTC,1535298481268,2018-08-26T15:48:01.268Z,sell,1.491e-05,6387.0,0.09523017
AST/BTC,1535298481341,2018-08-26T15:48:01.341Z,sell,1.491e-05,500.0,0.007455
AST/BTC,1535298481519,2018-08-26T15:48:01.519Z,sell,1.491e-05,1444.0,0.02153004
AST/BTC,1535298481523,2018-08-26T15:48:01.523Z,sell,1.491e-05,1008.0,0.015029279999999999
AST/BTC,1535298481612,2018-08-26T15:48:01.612Z,sell,1.491e-05,722.0,0.01076502
AST/BTC,1535298481850,2018-08-26T15:48:01.850Z,sell,1.491e-05,500.0,0.007455
AST/BTC,1535298482016,2018-08-26T15:48:02.016Z,sell,1.491e-05,147.0,0.00219177
AST/BTC,1535298482235,2018-08-26T15:48:02.235Z,sell,1.491e-05,2561.0,0.03818451
AST/BTC,1535298482235,2018-08-26T15:48:02.235Z,sell,1.486e-05,1387.0,0.02061082
AST/BTC,1535298482235,2018-08-26T15:48:02.235Z,sell,1.469e-05,280.0,0.0041132
AST/BTC,1535298482440,2018-08-26T15:48:02.440Z,sell,1.471e-05,1019.0,0.01498949
AST/BTC,1535298482440,2018-08-26T15:48:02.440Z,sell,1.47e-05,368.0,0.0054096
AST/BTC,1535298482516,2018-08-26T15:48:02.516Z,sell,1.492e-05,530.0,0.007907599999999999
AST/BTC,1535298482516,2018-08-26T15:48:02.516Z,sell,1.47e-05,857.0,0.0125979
AST/BTC,1535298482541,2018-08-26T15:48:02.541Z,sell,1.47e-05,216.0,0.0031752
AST/BTC,1535298482871,2018-08-26T15:48:02.871Z,sell,1.47e-05,500.0,0.00735
AST/BTC,1535298483594,2018-08-26T15:48:03.594Z,sell,1.471e-05,708.0,0.010414679999999999
AST/BTC,1535298483637,2018-08-26T15:48:03.637Z,sell,1.471e-05,500.0,0.0073549999999999996
AST/BTC,1535298483774,2018-08-26T15:48:03.774Z,sell,1.472e-05,100.0,0.001472
AST/BTC,1535298484645,2018-08-26T15:48:04.645Z,sell,1.476e-05,119.0,0.00175644
AST/BTC,1535298484899,2018-08-26T15:48:04.899Z,sell,1.476e-05,372.0,0.00549072
AST/BTC,1535298485320,2018-08-26T15:48:05.320Z,sell,1.476e-05,606.0,0.008944559999999999
AST/BTC,1535298485378,2018-08-26T15:48:05.378Z,sell,1.476e-05,300.0,0.004428
AST/BTC,1535298485565,2018-08-26T15:48:05.565Z,sell,1.472e-05,276.0,0.00406272
AST/BTC,1535298485565,2018-08-26T15:48:05.565Z,sell,1.471e-05,330.0,0.0048543
AST/BTC,1535298486430,2018-08-26T15:48:06.430Z,sell,1.471e-05,230.0,0.0033833
AST/BTC,1535298486700,2018-08-26T15:48:06.700Z,buy,1.476e-05,202.0,0.0029815199999999997
AST/BTC,1535298486834,2018-08-26T15:48:06.834Z,sell,1.471e-05,1013.0,0.01490123
AST/BTC,1535298486834,2018-08-26T15:48:06.834Z,sell,1.469e-05,589.0,0.00865241
AST/BTC,1535298486857,2018-08-26T15:48:06.857Z,buy,1.468e-05,409.0,0.00600412
AST/BTC,1535298486866,2018-08-26T15:48:06.866Z,buy,1.468e-05,1.0,1.468e-05
AST/BTC,1535298486917,2018-08-26T15:48:06.917Z,buy,1.476e-05,104.0,0.0015350399999999999
AST/BTC,1535298486917,2018-08-26T15:48:06.917Z,buy,1.479e-05,98.0,0.00144942
AST/BTC,1535298488250,2018-08-26T15:48:08.250Z,sell,1.471e-05,202.0,0.00297142
AST/BTC,1535298488250,2018-08-26T15:48:08.250Z,sell,1.468e-05,227.0,0.00333236
AST/BTC,1535298489221,2018-08-26T15:48:09.221Z,sell,1.468e-05,347.0,0.00509396
AST/BTC,1535298492965,2018-08-26T15:48:12.965Z,sell,1.467e-05,100.0,0.001467
AST/BTC,1535298495772,2018-08-26T15:48:15.772Z,sell,1.467e-05,1019.0,0.01494873
AST/BTC,1535298496452,2018-08-26T15:48:16.452Z,sell,1.467e-05,104.0,0.00152568
AST/BTC,1535298496458,2018-08-26T15:48:16.458Z,sell,1.453e-05,84.0,0.00122052
AST/BTC,1535298496458,2018-08-26T15:48:16.458Z,sell,1.453e-05,202.0,0.0029350599999999998
AST/BTC,1535298496458,2018-08-26T15:48:16.458Z,sell,1.453e-05,203.0,0.0029495899999999998
AST/BTC,1535298496458,2018-08-26T15:48:16.458Z,sell,1.453e-05,203.0,0.0029495899999999998
AST/BTC,1535298496458,2018-08-26T15:48:16.458Z,sell,1.453e-05,202.0,0.0029350599999999998
AST/BTC,1535298496721,2018-08-26T15:48:16.721Z,buy,1.47e-05,1941.0,0.0285327
AST/BTC,1535298496721,2018-08-26T15:48:16.721Z,buy,1.471e-05,2497.0,0.03673087
AST/BTC,1535298496721,2018-08-26T15:48:16.721Z,buy,1.476e-05,1397.0,0.020619719999999998
AST/BTC,1535298496721,2018-08-26T15:48:16.721Z,buy,1.478e-05,515.0,0.007611700000000001
AST/BTC,1535298496721,2018-08-26T15:48:16.721Z,buy,1.481e-05,5873.0,0.08697913
AST/BTC,1535298496721,2018-08-26T15:48:16.721Z,buy,1.491e-05,699.0,0.01042209
AST/BTC,1535298496733,2018-08-26T15:48:16.733Z,sell,1.491e-05,608.0,0.00906528
AST/BTC,1535298496754,2018-08-26T15:48:16.754Z,sell,1.491e-05,331.0,0.00493521
AST/BTC,1535298497046,2018-08-26T15:48:17.046Z,sell,1.491e-05,351.0,0.00523341
AST/BTC,1535298497147,2018-08-26T15:48:17.147Z,sell,1.491e-05,201.0,0.0029969099999999998
AST/BTC,1535298497361,2018-08-26T15:48:17.361Z,buy,1.493e-05,708.0,0.01057044
AST/BTC,1535298498187,2018-08-26T15:48:18.187Z,sell,1.491e-05,136.0,0.00202776
AST/BTC,1535298498272,2018-08-26T15:48:18.272Z,sell,1.491e-05,407.0,0.00606837
AST/BTC,1535298498286,2018-08-26T15:48:18.286Z,sell,1.491e-05,500.0,0.007455
AST/BTC,1535298498369,2018-08-26T15:48:18.369Z,buy,1.495e-05,1352.0,0.0202124
AST/BTC,1535298498453,2018-08-26T15:48:18.453Z,sell,1.491e-05,11251.0,0.16775241
AST/BTC,1535298499379,2018-08-26T15:48:19.379Z,sell,1.491e-05,1352.0,0.02015832
AST/BTC,1535298500113,2018-08-26T15:48:20.113Z,sell,1.491e-05,2347.0,0.03499377
AST/BTC,1535298500184,2018-08-26T15:48:20.184Z,sell,1.491e-05,1903.0,0.02837373
AST/BTC,1535298500223,2018-08-26T15:48:20.223Z,sell,1.491e-05,1938.0,0.02889558
AST/BTC,1535298500375,2018-08-26T15:48:20.375Z,buy,1.492e-05,673.0,0.01004116
AST/BTC,1535298510108,2018-08-26T15:48:30.108Z,sell,1.493e-05,352.0,0.00525536
AST/BTC,1535298512332,2018-08-26T15:48:32.332Z,sell,1.493e-05,200.0,0.002986
AST/BTC,1535298512442,2018-08-26T15:48:32.442Z,buy,1.496e-05,38.0,0.00056848
AST/BTC,1535298514367,2018-08-26T15:48:34.367Z,buy,1.496e-05,1523.0,0.02278408
AST/BTC,1535298514864,2018-08-26T15:48:34.864Z,sell,1.493e-05,6737.0,0.10058341
AST/BTC,1535298515014,2018-08-26T15:48:35.014Z,sell,1.493e-05,41.0,0.00061213
AST/BTC,1535298515014,2018-08-26T15:48:35.014Z,sell,1.492e-05,828.0,0.01235376
AST/BTC,1535298517171,2018-08-26T15:48:37.171Z,sell,1.492e-05,1782.0,0.02658744
AST/BTC,1535298521315,2018-08-26T15:48:41.315Z,sell,1.492e-05,1278.0,0.01906776
AST/BTC,1535298533767,2018-08-26T15:48:53.767Z,buy,1.496e-05,100.0,0.0014960000000000002
AST/BTC,1535298533767,2018-08-26T15:48:53.767Z,buy,1.497e-05,10293.0,0.15408621
AST/BTC,1535298533767,2018-08-26T15:48:53.767Z,buy,1.498e-05,4100.0,0.061418
AST/BTC,1535298533767,2018-08-26T15:48:53.767Z,buy,1.499e-05,8914.0,0.13362086
AST/BTC,1535298533767,2018-08-26T15:48:53.767Z,buy,1.5e-05,3215.0,0.048225000000000004
AST/BTC,1535298535768,2018-08-26T15:48:55.768Z,buy,1.5e-05,9146.0,0.13719
AST/BTC,1535298535805,2018-08-26T15:48:55.805Z,buy,1.5e-05,2482.0,0.03723
AST/BTC,1535298535843,2018-08-26T15:48:55.843Z,buy,1.5e-05,398.0,0.0059700000000000005
AST/BTC,1535298538584,2018-08-26T15:48:58.584Z,sell,1.494e-05,1076.0,0.01607544
AST/BTC,1535298541095,2018-08-26T15:49:01.095Z,buy,1.502e-05,16.0,0.00024032
AST/BTC,1535298542363,2018-08-26T15:49:02.363Z,buy,1.502e-05,1060.0,0.0159212
AST/BTC,1535298542486,2018-08-26T15:49:02.486Z,sell,1.497e-05,139.0,0.00208083
AST/BTC,1535298543751,2018-08-26T15:49:03.751Z,sell,1.497e-05,214.0,0.00320358
AST/BTC,1535298544556,2018-08-26T15:49:04.556Z,buy,1.503e-05,8.0,0.00012024
AST/BTC,1535298546271,2018-08-26T15:49:06.271Z,sell,1.497e-05,977.0,0.01462569
AST/BTC,1535298551628,2018-08-26T15:49:11.628Z,buy,1.503e-05,2722.0,0.04091166
AST/BTC,1535298551628,2018-08-26T15:49:11.628Z,buy,1.504e-05,481.0,0.00723424
AST/BTC,1535298551628,2018-08-26T15:49:11.628Z,buy,1.505e-05,500.0,0.007525
AST/BTC,1535298551628,2018-08-26T15:49:11.628Z,buy,1.51e-05,628.0,0.0094828
AST/BTC,1535298551628,2018-08-26T15:49:11.628Z,buy,1.511e-05,100.0,0.001511
AST/BTC,1535298551628,2018-08-26T15:49:11.628Z,buy,1.512e-05,952.0,0.014394239999999999
AST/BTC,1535298551628,2018-08-26T15:49:11.628Z,buy,1.513e-05,323.0,0.00488699
AST/BTC,1535298551628,2018-08-26T15:49:11.628Z,buy,1.514e-05,1794.0,0.02716116
AST/BTC,1535298552605,2018-08-26T15:49:12.605Z,sell,1.498e-05,2496.0,0.03739008
AST/BTC,1535298552605,2018-08-26T15:49:12.605Z,sell,1.497e-05,4487.0,0.06717039
AST/BTC,1535298553228,2018-08-26T15:49:13.228Z,sell,1.499e-05,646.0,0.009683540000000001
AST/BTC,1535298553330,2018-08-26T15:49:13.330Z,buy,1.511e-05,2496.0,0.03771456
AST/BTC,1535298553330,2018-08-26T15:49:13.330Z,buy,1.512e-05,1076.0,0.016269119999999998
AST/BTC,1535298553330,2018-08-26T15:49:13.330Z,buy,1.514e-05,2239.0,0.03389846
AST/BTC,1535298553427,2018-08-26T15:49:13.427Z,sell,1.497e-05,261.0,0.00390717
AST/BTC,1535298554768,2018-08-26T15:49:14.768Z,sell,1.497e-05,772.0,0.01155684
AST/BTC,1535298567023,2018-08-26T15:49:27.023Z,buy,1.507e-05,67.0,0.00100969
AST/BTC,1535298567189,2018-08-26T15:49:27.189Z,sell,1.499e-05,203.0,0.0030429700000000003
AST/BTC,1535298567835,2018-08-26T15:49:27.835Z,sell,1.499e-05,1626.0,0.02437374
AST/BTC,1535298571818,2018-08-26T15:49:31.818Z,buy,1.506e-05,8.0,0.00012048
AST/BTC,1535298572876,2018-08-26T15:49:32.876Z,sell,1.499e-05,68.0,0.00101932
AST/BTC,1535298579069,2018-08-26T15:49:39.069Z,sell,1.499e-05,3322.0,0.04979678
AST/BTC,1535298580208,2018-08-26T15:49:40.208Z,sell,1.499e-05,664.0,0.00995336
AST/BTC,1535298581325,2018-08-26T15:49:41.325Z,sell,1.499e-05,70.0,0.0010493
AST/BTC,1535298581360,2018-08-26T15:49:41.360Z,sell,1.498e-05,332.0,0.0049733600000000005
AST/BTC,1535298581876,2018-08-26T15:49:41.876Z,sell,1.498e-05,262.0,0.00392476
AST/BTC,1535298582809,2018-08-26T15:49:42.809Z,sell,1.498e-05,76.0,0.00113848
AST/BTC,1535298585796,2018-08-26T15:49:45.796Z,sell,1.498e-05,341.0,0.00510818
AST/BTC,1535298587840,2018-08-26T15:49:47.840Z,sell,1.498e-05,1480.0,0.0221704
AST/BTC,1535298588785,2018-08-26T15:49:48.785Z,sell,1.498e-05,845.0,0.0126581
AST/BTC,1535298592142,2018-08-26T15:49:52.142Z,sell,1.499e-05,579.0,0.00867921
AST/BTC,1535298603292,2018-08-26T15:50:03.292Z,sell,1.498e-05,161.0,0.00241178
AST/BTC,1535298604045,2018-08-26T15:50:04.045Z,sell,1.498e-05,81.0,0.00121338
AST/BTC,1535298604372,2018-08-26T15:50:04.372Z,sell,1.498e-05,715.0,0.0107107
AST/BTC,1535298604372,2018-08-26T15:50:04.372Z,sell,1.497e-05,12485.0,0.18690045
AST/BTC,1535298605750,2018-08-26T15:50:05.750Z,sell,1.497e-05,3547.0,0.05309859
AST/BTC,1535298605750,2018-08-26T15:50:05.750Z,sell,1.494e-05,67.0,0.00100098
AST/BTC,1535298605750,2018-08-26T15:50:05.750Z,sell,1.492e-05,3886.0,0.057979119999999995
AST/BTC,1535298608504,2018-08-26T15:50:08.504Z,sell,1.491e-05,6850.0,0.1021335
AST/BTC,1535298619502,2018-08-26T15:50:19.502Z,sell,1.491e-05,396.0,0.00590436
AST/BTC,1535298619926,2018-08-26T15:50:19.926Z,sell,1.491e-05,661.0,0.00985551
AST/BTC,1535298620331,2018-08-26T15:50:20.331Z,sell,1.491e-05,661.0,0.00985551
AST/BTC,1535298621645,2018-08-26T15:50:21.645Z,sell,1.491e-05,101.0,0.00150591
AST/BTC,1535298627966,2018-08-26T15:50:27.966Z,sell,1.491e-05,9137.0,0.13623267
AST/BTC,1535298644252,2018-08-26T15:50:44.252Z,buy,1.493e-05,579.0,0.00864447
AST/BTC,1535298664040,2018-08-26T15:51:04.040Z,buy,1.498e-05,203.0,0.0030409400000000002
AST/BTC,1535298664820,2018-08-26T15:51:04.820Z,buy,1.497e-05,68.0,0.00101796
AST/BTC,1535298666213,2018-08-26T15:51:06.213Z,buy,1.497e-05,511.0,0.007649670000000001
AST/BTC,1535298666213,2018-08-26T15:51:06.213Z,buy,1.498e-05,2489.0,0.03728522
AST/BTC,1535298680005,2018-08-26T15:51:20.005Z,sell,1.491e-05,7477.0,0.11148207
AST/BTC,1535298685458,2018-08-26T15:51:25.458Z,sell,1.491e-05,1105.0,0.01647555
AST/BTC,1535298700168,2018-08-26T15:51:40.168Z,sell,1.491e-05,5811.0,0.08664200999999999
AST/BTC,1535298702162,2018-08-26T15:51:42.162Z,sell,1.491e-05,623.0,0.009288929999999999
AST/BTC,1535298702162,2018-08-26T15:51:42.162Z,sell,1.483e-05,203.0,0.00301049
AST/BTC,1535298702162,2018-08-26T15:51:42.162Z,sell,1.482e-05,68.0,0.0010077600000000001
AST/BTC,1535298702162,2018-08-26T15:51:42.162Z,sell,1.481e-05,283.0,0.00419123
AST/BTC,1535298702162,2018-08-26T15:51:42.162Z,sell,1.478e-05,68.0,0.00100504
AST/BTC,1535298702162,2018-08-26T15:51:42.162Z,sell,1.477e-05,169.0,0.00249613
AST/BTC,1535298703221,2018-08-26T15:51:43.221Z,sell,1.477e-05,349.0,0.00515473
AST/BTC,1535298703269,2018-08-26T15:51:43.269Z,sell,1.477e-05,555.0,0.008197349999999999
AST/BTC,1535298703269,2018-08-26T15:51:43.269Z,sell,1.476e-05,3433.0,0.05067108
AST/BTC,1535298703269,2018-08-26T15:51:43.269Z,sell,1.474e-05,401.0,0.005910739999999999
AST/BTC,1535298703269,2018-08-26T15:51:43.269Z,sell,1.473e-05,3923.0,0.05778579
AST/BTC,1535298703269,2018-08-26T15:51:43.269Z,sell,1.472e-05,1209.0,0.01779648
AST/BTC,1535298703269,2018-08-26T15:51:43.269Z,sell,1.471e-05,564.0,0.00829644
AST/BTC,1535298703269,2018-08-26T15:51:43.269Z,sell,1.469e-05,389.0,0.00571441
AST/BTC,1535298705910,2018-08-26T15:51:45.910Z,sell,1.468e-05,451.0,0.00662068
AST/BTC,1535298705910,2018-08-26T15:51:45.910Z,sell,1.465e-05,245.0,0.00358925
AST/BTC,1535298706647,2018-08-26T15:51:46.647Z,sell,1.465e-05,701.0,0.01026965
AST/BTC,1535298706814,2018-08-26T15:51:46.814Z,sell,1.465e-05,139.0,0.00203635
AST/BTC,1535298707031,2018-08-26T15:51:47.031Z,sell,1.465e-05,46.0,0.0006739000000000001
AST/BTC,1535298707031,2018-08-26T15:51:47.031Z,sell,1.464e-05,216.0,0.00316224
AST/BTC,1535298707031,2018-08-26T15:51:47.031Z,sell,1.463e-05,169.0,0.00247247
AST/BTC,1535298707031,2018-08-26T15:51:47.031Z,sell,1.462e-05,267.0,0.00390354
AST/BTC,1535298707442,2018-08-26T15:51:47.442Z,sell,1.463e-05,698.0,0.01021174
AST/BTC,1535298707757,2018-08-26T15:51:47.757Z,sell,1.463e-05,700.0,0.010241
AST/BTC,1535298707828,2018-08-26T15:51:47.828Z,sell,1.463e-05,336.0,0.00491568
AST/BTC,1535298707828,2018-08-26T15:51:47.828Z,sell,1.462e-05,360.0,0.0052632
AST/BTC,1535298707918,2018-08-26T15:51:47.918Z,sell,1.462e-05,1.0,1.462e-05
AST/BTC,1535298707918,2018-08-26T15:51:47.918Z,sell,1.461e-05,698.0,0.01019778
AST/BTC,1535298707974,2018-08-26T15:51:47.974Z,sell,1.461e-05,704.0,0.01028544
AST/BTC,1535298708146,2018-08-26T15:51:48.146Z,sell,1.461e-05,703.0,0.01027083
AST/BTC,1535298708404,2018-08-26T15:51:48.404Z,sell,1.463e-05,699.0,0.01022637
AST/BTC,1535298708530,2018-08-26T15:51:48.530Z,buy,1.474e-05,100.0,0.001474
AST/BTC,1535298708977,2018-08-26T15:51:48.977Z,buy,1.474e-05,261.0,0.0038471399999999998
AST/BTC,1535298709357,2018-08-26T15:51:49.357Z,buy,1.475e-05,77.0,0.00113575
AST/BTC,1535298710206,2018-08-26T15:51:50.206Z,sell,1.474e-05,99.0,0.00145926
AST/BTC,1535298718675,2018-08-26T15:51:58.675Z,sell,1.462e-05,661.0,0.00966382
AST/BTC,1535298719208,2018-08-26T15:51:59.208Z,buy,1.464e-05,212.0,0.00310368
AST/BTC,1535298719367,2018-08-26T15:51:59.367Z,buy,1.464e-05,316.0,0.00462624
AST/BTC,1535298719664,2018-08-26T15:51:59.664Z,buy,1.466e-05,303.0,0.00444198
AST/BTC,1535298719741,2018-08-26T15:51:59.741Z,buy,1.466e-05,2987.0,0.04378942
AST/BTC,1535298720214,2018-08-26T15:52:00.214Z,buy,1.468e-05,656.0,0.00963008
AST/BTC,1535298723807,2018-08-26T15:52:03.807Z,sell,1.464e-05,380.0,0.0055632
AST/BTC,1535298724170,2018-08-26T15:52:04.170Z,buy,1.464e-05,325.0,0.004758
AST/BTC,1535298736973,2018-08-26T15:52:16.973Z,buy,1.47e-05,10.0,0.000147
AST/BTC,1535298736973,2018-08-26T15:52:16.973Z,buy,1.475e-05,227.0,0.0033482499999999997
AST/BTC,1535298736973,2018-08-26T15:52:16.973Z,buy,1.476e-05,35.0,0.0005166
AST/BTC,1535298761289,2018-08-26T15:52:41.289Z,buy,1.476e-05,436.0,0.006435359999999999
AST/BTC,1535298761289,2018-08-26T15:52:41.289Z,buy,1.477e-05,234.0,0.0034561799999999997
AST/BTC,1535298761289,2018-08-26T15:52:41.289Z,buy,1.478e-05,7492.0,0.11073176000000001
AST/BTC,1535298761289,2018-08-26T15:52:41.289Z,buy,1.479e-05,4298.0,0.06356742
AST/BTC,1535298761289,2018-08-26T15:52:41.289Z,buy,1.48e-05,1546.0,0.0228808
AST/BTC,1535298761289,2018-08-26T15:52:41.289Z,buy,1.481e-05,1000.0,0.01481
AST/BTC,1535298761289,2018-08-26T15:52:41.289Z,buy,1.482e-05,295.0,0.0043719
AST/BTC,1535298761289,2018-08-26T15:52:41.289Z,buy,1.484e-05,573.0,0.00850332
AST/BTC,1535298761289,2018-08-26T15:52:41.289Z,buy,1.485e-05,637.0,0.00945945
AST/BTC,1535298761289,2018-08-26T15:52:41.289Z,buy,1.487e-05,161.0,0.00239407
AST/BTC,1535298761289,2018-08-26T15:52:41.289Z,buy,1.49e-05,686.0,0.0102214
AST/BTC,1535298761289,2018-08-26T15:52:41.289Z,buy,1.491e-05,81.0,0.0012077099999999999
AST/BTC,1535298761385,2018-08-26T15:52:41.385Z,sell,1.491e-05,300.0,0.0044729999999999995
AST/BTC,1535298761392,2018-08-26T15:52:41.392Z,sell,1.491e-05,954.0,0.01422414
AST/BTC,1535298761419,2018-08-26T15:52:41.419Z,sell,1.491e-05,2008.0,0.02993928
AST/BTC,1535298761693,2018-08-26T15:52:41.693Z,sell,1.491e-05,146.0,0.00217686
AST/BTC,1535298761739,2018-08-26T15:52:41.739Z,sell,1.491e-05,608.0,0.00906528
AST/BTC,1535298762242,2018-08-26T15:52:42.242Z,sell,1.491e-05,2222.0,0.033130019999999996
AST/BTC,1535298762476,2018-08-26T15:52:42.476Z,sell,1.491e-05,1850.0,0.0275835
AST/BTC,1535298762698,2018-08-26T15:52:42.698Z,sell,1.491e-05,73.0,0.00108843
AST/BTC,1535298763778,2018-08-26T15:52:43.778Z,sell,1.491e-05,1762.0,0.02627142
AST/BTC,1535298767814,2018-08-26T15:52:47.814Z,sell,1.491e-05,428.0,0.00638148
AST/BTC,1535298773182,2018-08-26T15:52:53.182Z,buy,1.494e-05,212.0,0.0031672799999999997
AST/BTC,1535298773182,2018-08-26T15:52:53.182Z,buy,1.495e-05,458.0,0.006847099999999999
AST/BTC,1535298784168,2018-08-26T15:53:04.168Z,sell,1.491e-05,204.0,0.00304164
AST/BTC,1535298784698,2018-08-26T15:53:04.698Z,sell,1.491e-05,73.0,0.00108843
AST/BTC,1535298792352,2018-08-26T15:53:12.352Z,buy,1.495e-05,25.0,0.00037375
AST/BTC,1535298809083,2018-08-26T15:53:29.083Z,sell,1.492e-05,74.0,0.00110408
AST/BTC,1535298811539,2018-08-26T15:53:31.539Z,buy,1.495e-05,267.0,0.003991649999999999
AST/BTC,1535298820581,2018-08-26T15:53:40.581Z,buy,1.495e-05,668.0,0.0099866
AST/BTC,1535298853156,2018-08-26T15:54:13.156Z,sell,1.493e-05,212.0,0.0031651599999999998
AST/BTC,1535298853603,2018-08-26T15:54:13.603Z,sell,1.492e-05,381.0,0.00568452
AST/BTC,1535298854062,2018-08-26T15:54:14.062Z,sell,1.492e-05,1339.0,0.01997788
AST/BTC,1535298854062,2018-08-26T15:54:14.062Z,sell,1.491e-05,1696.0,0.02528736
AST/BTC,1535298891940,2018-08-26T15:54:51.940Z,sell,1.492e-05,10.0,0.0001492
AST/BTC,1535298905526,2018-08-26T15:55:05.526Z,sell,1.492e-05,95.0,0.0014173999999999999
AST/BTC,1535298927546,2018-08-26T15:55:27.546Z,buy,1.495e-05,68.0,0.0010165999999999999
AST/BTC,1535298932942,2018-08-26T15:55:32.942Z,buy,1.495e-05,668.0,0.0099866
AST/BTC,1535299011412,2018-08-26T15:56:51.412Z,sell,1.492e-05,216.0,0.00322272
AST/BTC,1535299121612,2018-08-26T15:58:41.612Z,sell,1.492e-05,22.0,0.00032824
AST/BTC,1535299152874,2018-08-26T15:59:12.874Z,sell,1.492e-05,321.0,0.00478932
AST/BTC,1535299152874,2018-08-26T15:59:12.874Z,sell,1.491e-05,26333.0,0.39262503
AST/BTC,1535299204111,2018-08-26T16:00:04.111Z,buy,1.495e-05,68.0,0.0010165999999999999
AST/BTC,1535299254468,2018-08-26T16:00:54.468Z,sell,1.492e-05,37.0,0.00055204
AST/BTC,1535299350416,2018-08-26T16:02:30.416Z,sell,1.492e-05,212.0,0.0031630399999999998
AST/BTC,1535299442895,2018-08-26T16:04:02.895Z,buy,1.494e-05,670.0,0.0100098
AST/BTC,1535299442895,2018-08-26T16:04:02.895Z,buy,1.495e-05,1245.0,0.018612749999999997
AST/BTC,1535299442895,2018-08-26T16:04:02.895Z,buy,1.496e-05,611.0,0.00914056
AST/BTC,1535299442895,2018-08-26T16:04:02.895Z,buy,1.498e-05,613.0,0.00918274
AST/BTC,1535299442895,2018-08-26T16:04:02.895Z,buy,1.499e-05,2916.0,0.04371084
AST/BTC,1535299530085,2018-08-26T16:05:30.085Z,buy,1.497e-05,406.0,0.00607782
AST/BTC,1535299534068,2018-08-26T16:05:34.068Z,buy,1.497e-05,125.0,0.00187125
AST/BTC,1535299536180,2018-08-26T16:05:36.180Z,buy,1.498e-05,125.0,0.0018725
AST/BTC,1535299536206,2018-08-26T16:05:36.206Z,sell,1.493e-05,4741.0,0.07078313
AST/BTC,1535299545939,2018-08-26T16:05:45.939Z,buy,1.499e-05,266.0,0.00398734
AST/BTC,1535299561597,2018-08-26T16:06:01.597Z,sell,1.493e-05,95.0,0.0014183499999999999
AST/BTC,1535299683585,2018-08-26T16:08:03.585Z,sell,1.493e-05,7.0,0.00010451
AST/BTC,1535299697978,2018-08-26T16:08:17.978Z,buy,1.498e-05,1076.0,0.01611848
AST/BTC,1535299697978,2018-08-26T16:08:17.978Z,buy,1.499e-05,5545.0,0.08311955
AST/BTC,1535299697978,2018-08-26T16:08:17.978Z,buy,1.5e-05,41117.0,0.616755
AST/BTC,1535299707579,2018-08-26T16:08:27.579Z,sell,1.493e-05,288.0,0.00429984
AST/BTC,1535299709078,2018-08-26T16:08:29.078Z,buy,1.499e-05,500.0,0.007495
AST/BTC,1535299738310,2018-08-26T16:08:58.310Z,buy,1.499e-05,6046.0,0.09062954000000001
AST/BTC,1535299738310,2018-08-26T16:08:58.310Z,buy,1.5e-05,27176.0,0.40764
AST/BTC,1535299745172,2018-08-26T16:09:05.172Z,buy,1.5e-05,68.0,0.00102
AST/BTC,1535299786069,2018-08-26T16:09:46.069Z,buy,1.5e-05,4000.0,0.060000000000000005
AST/BTC,1535299789091,2018-08-26T16:09:49.091Z,sell,1.493e-05,37.0,0.0005524099999999999
AST/BTC,1535299902695,2018-08-26T16:11:42.695Z,sell,1.493e-05,2281.0,0.03405533
AST/BTC,1535299904803,2018-08-26T16:11:44.803Z,sell,1.492e-05,6049.0,0.09025108
AST/BTC,1535299923333,2018-08-26T16:12:03.333Z,sell,1.491e-05,20.0,0.0002982
AST/BTC,1535299926692,2018-08-26T16:12:06.692Z,sell,1.491e-05,7734.0,0.11531393999999999
AST/BTC,1535299992055,2018-08-26T16:13:12.055Z,buy,1.499e-05,1445.0,0.02166055
AST/BTC,1535299992055,2018-08-26T16:13:12.055Z,buy,1.5e-05,1189.0,0.017835
AST/BTC,1535300055456,2018-08-26T16:14:15.456Z,sell,1.493e-05,698.0,0.010421139999999999
AST/BTC,1535300103565,2018-08-26T16:15:03.565Z,sell,1.493e-05,100.0,0.001493
AST/BTC,1535300184948,2018-08-26T16:16:24.948Z,sell,1.493e-05,12.0,0.00017915999999999999
AST/BTC,1535300202513,2018-08-26T16:16:42.513Z,sell,1.493e-05,11.0,0.00016423
AST/BTC,1535300207934,2018-08-26T16:16:47.934Z,sell,1.493e-05,14.0,0.00020902
AST/BTC,1535300337773,2018-08-26T16:18:57.773Z,sell,1.493e-05,10.0,0.0001493
AST/BTC,1535300350826,2018-08-26T16:19:10.826Z,sell,1.493e-05,889.0,0.01327277
AST/BTC,1535300353816,2018-08-26T16:19:13.816Z,sell,1.492e-05,156.0,0.00232752
AST/BTC,1535300366872,2018-08-26T16:19:26.872Z,sell,1.492e-05,1501.0,0.02239492
AST/BTC,1535300366872,2018-08-26T16:19:26.872Z,sell,1.491e-05,9959.0,0.14848869
AST/BTC,1535300371894,2018-08-26T16:19:31.894Z,sell,1.488e-05,600.0,0.008928
AST/BTC,1535300371894,2018-08-26T16:19:31.894Z,sell,1.487e-05,68.0,0.00101116
AST/BTC,1535300371894,2018-08-26T16:19:31.894Z,sell,1.484e-05,2397.0,0.03557148
AST/BTC,1535300379784,2018-08-26T16:19:39.784Z,sell,1.484e-05,213.0,0.0031609200000000002
AST/BTC,1535300380770,2018-08-26T16:19:40.770Z,sell,1.482e-05,15.0,0.0002223
AST/BTC,1535300386585,2018-08-26T16:19:46.585Z,buy,1.492e-05,2030.0,0.030287599999999998
AST/BTC,1535300424846,2018-08-26T16:20:24.846Z,sell,1.482e-05,367.0,0.00543894
AST/BTC,1535300452621,2018-08-26T16:20:52.621Z,sell,1.482e-05,4.0,5.928e-05
AST/BTC,1535300521757,2018-08-26T16:22:01.757Z,sell,1.483e-05,749.0,0.01110767
AST/BTC,1535300522179,2018-08-26T16:22:02.179Z,buy,1.483e-05,522.0,0.00774126
AST/BTC,1535300522437,2018-08-26T16:22:02.437Z,buy,1.483e-05,224.0,0.00332192
AST/BTC,1535300556676,2018-08-26T16:22:36.676Z,buy,1.491e-05,300.0,0.0044729999999999995
AST/BTC,1535300577976,2018-08-26T16:22:57.976Z,sell,1.485e-05,45.0,0.00066825
AST/BTC,1535300584434,2018-08-26T16:23:04.434Z,buy,1.49e-05,155.0,0.0023095
AST/BTC,1535300586543,2018-08-26T16:23:06.543Z,buy,1.49e-05,100.0,0.00149
AST/BTC,1535300592625,2018-08-26T16:23:12.625Z,buy,1.49e-05,100.0,0.00149
AST/BTC,1535300642864,2018-08-26T16:24:02.864Z,buy,1.49e-05,268.0,0.0039932
AST/BTC,1535300784731,2018-08-26T16:26:24.731Z,sell,1.483e-05,931.0,0.01380673
AST/BTC,1535300785523,2018-08-26T16:26:25.523Z,sell,1.483e-05,128.0,0.00189824
AST/BTC,1535300785523,2018-08-26T16:26:25.523Z,sell,1.482e-05,628.0,0.00930696
AST/BTC,1535300786864,2018-08-26T16:26:26.864Z,sell,1.48e-05,7.0,0.0001036
AST/BTC,1535300805406,2018-08-26T16:26:45.406Z,buy,1.486e-05,3382.0,0.05025652
AST/BTC,1535300860942,2018-08-26T16:27:40.942Z,buy,1.484e-05,70.0,0.0010388
AST/BTC,1535300860942,2018-08-26T16:27:40.942Z,buy,1.488e-05,199.0,0.00296112
AST/BTC,1535300934399,2018-08-26T16:28:54.399Z,buy,1.488e-05,268.0,0.00398784
AST/BTC,1535300962754,2018-08-26T16:29:22.754Z,sell,1.48e-05,18.0,0.0002664
AST/BTC,1535300962754,2018-08-26T16:29:22.754Z,sell,1.48e-05,18.0,0.0002664
AST/BTC,1535301014286,2018-08-26T16:30:14.286Z,sell,1.48e-05,43.0,0.0006364000000000001
AST/BTC,1535301014286,2018-08-26T16:30:14.286Z,sell,1.479e-05,68.0,0.00100572
AST/BTC,1535301014286,2018-08-26T16:30:14.286Z,sell,1.477e-05,170.0,0.0025109
AST/BTC,1535301014286,2018-08-26T16:30:14.286Z,sell,1.476e-05,719.0,0.010612439999999999
AST/BTC,1535301137126,2018-08-26T16:32:17.126Z,sell,1.476e-05,27.0,0.00039851999999999997
AST/BTC,1535301150586,2018-08-26T16:32:30.586Z,sell,1.476e-05,31.0,0.00045756
AST/BTC,1535301183538,2018-08-26T16:33:03.538Z,sell,1.476e-05,38.0,0.0005608799999999999
AST/BTC,1535301194430,2018-08-26T16:33:14.430Z,sell,1.476e-05,31.0,0.00045756
AST/BTC,1535301227532,2018-08-26T16:33:47.532Z,sell,1.476e-05,26.0,0.00038375999999999997
AST/BTC,1535301229629,2018-08-26T16:33:49.629Z,sell,1.476e-05,20.0,0.00029519999999999997
AST/BTC,1535301322198,2018-08-26T16:35:22.198Z,sell,1.477e-05,106.0,0.00156562
AST/BTC,1535301348140,2018-08-26T16:35:48.140Z,buy,1.488e-05,110.0,0.0016367999999999999
AST/BTC,1535301433328,2018-08-26T16:37:13.328Z,sell,1.477e-05,6.0,8.862e-05
AST/BTC,1535301442633,2018-08-26T16:37:22.633Z,buy,1.48e-05,721.0,0.010670800000000001
AST/BTC,1535301452213,2018-08-26T16:37:32.213Z,buy,1.48e-05,321.0,0.0047508
AST/BTC,1535301591763,2018-08-26T16:39:51.763Z,buy,1.48e-05,2000.0,0.0296
AST/BTC,1535301598521,2018-08-26T16:39:58.521Z,sell,1.476e-05,898.0,0.013254479999999999
AST/BTC,1535301598521,2018-08-26T16:39:58.521Z,sell,1.473e-05,1100.0,0.016203
AST/BTC,1535301598521,2018-08-26T16:39:58.521Z,sell,1.473e-05,405.0,0.005965649999999999
AST/BTC,1535301620313,2018-08-26T16:40:20.313Z,sell,1.474e-05,354.0,0.00521796
AST/BTC,1535301638584,2018-08-26T16:40:38.584Z,sell,1.475e-05,151.0,0.00222725
AST/BTC,1535301664657,2018-08-26T16:41:04.657Z,sell,1.476e-05,4.0,5.904e-05
AST/BTC,1535301681835,2018-08-26T16:41:21.835Z,buy,1.477e-05,1304.0,0.01926008
AST/BTC,1535301723218,2018-08-26T16:42:03.218Z,buy,1.477e-05,97.0,0.00143269
AST/BTC,1535301761132,2018-08-26T16:42:41.132Z,buy,1.477e-05,155.0,0.00228935
AST/BTC,1535301768597,2018-08-26T16:42:48.597Z,buy,1.477e-05,1294.0,0.019112379999999998
AST/BTC,1535301808592,2018-08-26T16:43:28.592Z,buy,1.477e-05,362.0,0.00534674
AST/BTC,1535301816583,2018-08-26T16:43:36.583Z,sell,1.475e-05,4874.0,0.0718915
AST/BTC,1535301933274,2018-08-26T16:45:33.274Z,buy,1.477e-05,378.0,0.00558306
AST/BTC,1535302098413,2018-08-26T16:48:18.413Z,buy,1.477e-05,479.0,0.00707483
AST/BTC,1535302098413,2018-08-26T16:48:18.413Z,buy,1.479e-05,2903.0,0.04293537
AST/BTC,1535302192182,2018-08-26T16:49:52.182Z,buy,1.479e-05,148.0,0.00218892
AST/BTC,1535302248965,2018-08-26T16:50:48.965Z,buy,1.479e-05,394.0,0.00582726
AST/BTC,1535302383183,2018-08-26T16:53:03.183Z,buy,1.479e-05,40.0,0.0005916000000000001
AST/BTC,1535302486310,2018-08-26T16:54:46.310Z,buy,1.479e-05,145.0,0.0021445500000000003
AST/BTC,1535302703644,2018-08-26T16:58:23.644Z,buy,1.479e-05,3.0,4.4370000000000004e-05
AST/BTC,1535303161425,2018-08-26T17:06:01.425Z,buy,1.479e-05,5.0,7.395000000000001e-05
AST/BTC,1535303420985,2018-08-26T17:10:20.985Z,sell,1.475e-05,300.0,0.004425
AST/BTC,1535303420985,2018-08-26T17:10:20.985Z,sell,1.473e-05,303.0,0.00446319
AST/BTC,1535303421612,2018-08-26T17:10:21.612Z,buy,1.473e-05,2352.0,0.03464496
AST/BTC,1535303421835,2018-08-26T17:10:21.835Z,buy,1.473e-05,60.0,0.0008838
AST/BTC,1535303490087,2018-08-26T17:11:30.087Z,buy,1.478e-05,173.0,0.00255694
AST/BTC,1535303490087,2018-08-26T17:11:30.087Z,buy,1.479e-05,267.0,0.00394893
AST/BTC,1535303562269,2018-08-26T17:12:42.269Z,buy,1.479e-05,235.0,0.0034756500000000003
AST/BTC,1535303837732,2018-08-26T17:17:17.732Z,buy,1.484e-05,1.0,1.484e-05
AST/BTC,1535303866897,2018-08-26T17:17:46.897Z,sell,1.479e-05,528.0,0.00780912
AST/BTC,1535303918926,2018-08-26T17:18:38.926Z,buy,1.484e-05,275.0,0.004081
AST/BTC,1535303928739,2018-08-26T17:18:48.739Z,sell,1.479e-05,4.0,5.916e-05
AST/BTC,1535304000048,2018-08-26T17:20:00.048Z,buy,1.484e-05,269.0,0.00399196
AST/BTC,1535304190780,2018-08-26T17:23:10.780Z,sell,1.479e-05,694.0,0.01026426
AST/BTC,1535304431334,2018-08-26T17:27:11.334Z,buy,1.48e-05,169.0,0.0025012000000000003
AST/BTC,1535304431334,2018-08-26T17:27:11.334Z,buy,1.484e-05,1912.0,0.02837408
AST/BTC,1535304431334,2018-08-26T17:27:11.334Z,buy,1.485e-05,1811.0,0.02689335
AST/BTC,1535304431334,2018-08-26T17:27:11.334Z,buy,1.489e-05,148.0,0.00220372
AST/BTC,1535304431334,2018-08-26T17:27:11.334Z,buy,1.491e-05,1484.0,0.02212644
AST/BTC,1535304431334,2018-08-26T17:27:11.334Z,buy,1.495e-05,136.0,0.0020331999999999998
AST/BTC,1535304431334,2018-08-26T17:27:11.334Z,buy,1.499e-05,1321.0,0.01980179
AST/BTC,1535304431334,2018-08-26T17:27:11.334Z,buy,1.5e-05,9581.0,0.143715
AST/BTC,1535304431334,2018-08-26T17:27:11.334Z,buy,1.501e-05,2060.0,0.0309206
AST/BTC,1535304431334,2018-08-26T17:27:11.334Z,buy,1.502e-05,2298.0,0.03451596
AST/BTC,1535304431334,2018-08-26T17:27:11.334Z,buy,1.503e-05,255.0,0.00383265
AST/BTC,1535304431334,2018-08-26T17:27:11.334Z,buy,1.51e-05,6126.0,0.09250259999999999
AST/BTC,1535304431334,2018-08-26T17:27:11.334Z,buy,1.515e-05,6971.0,0.10561065
AST/BTC,1535304431334,2018-08-26T17:27:11.334Z,buy,1.517e-05,92.0,0.00139564
AST/BTC,1535304431334,2018-08-26T17:27:11.334Z,buy,1.52e-05,13000.0,0.1976
AST/BTC,1535304431334,2018-08-26T17:27:11.334Z,buy,1.521e-05,227.0,0.00345267
AST/BTC,1535304431334,2018-08-26T17:27:11.334Z,buy,1.522e-05,8255.0,0.1256411
AST/BTC,1535304431357,2018-08-26T17:27:11.357Z,sell,1.522e-05,9857.0,0.15002354
AST/BTC,1535304431381,2018-08-26T17:27:11.381Z,buy,1.491e-05,484.0,0.00721644
AST/BTC,1535304431381,2018-08-26T17:27:11.381Z,buy,1.513e-05,1219.0,0.01844347
AST/BTC,1535304431381,2018-08-26T17:27:11.381Z,buy,1.52e-05,425.0,0.0064600000000000005
AST/BTC,1535304431381,2018-08-26T17:27:11.381Z,buy,1.522e-05,3082.0,0.04690804
AST/BTC,1535304431381,2018-08-26T17:27:11.381Z,buy,1.523e-05,88.0,0.00134024
AST/BTC,1535304431381,2018-08-26T17:27:11.381Z,buy,1.527e-05,467.0,0.0071310900000000005
AST/BTC,1535304431381,2018-08-26T17:27:11.381Z,buy,1.53e-05,1829.0,0.0279837
AST/BTC,1535304431381,2018-08-26T17:27:11.381Z,buy,1.532e-05,360.0,0.0055152
AST/BTC,1535304432203,2018-08-26T17:27:12.203Z,sell,1.49e-05,650.0,0.009685
AST/BTC,1535304432203,2018-08-26T17:27:12.203Z,sell,1.489e-05,2139.0,0.031849709999999996
AST/BTC,1535304432219,2018-08-26T17:27:12.219Z,sell,1.489e-05,1228.0,0.01828492
AST/BTC,1535304432219,2018-08-26T17:27:12.219Z,sell,1.487e-05,863.0,0.01283281
AST/BTC,1535304432251,2018-08-26T17:27:12.251Z,sell,1.505e-05,4293.0,0.06460965
AST/BTC,1535304432251,2018-08-26T17:27:12.251Z,sell,1.491e-05,5254.0,0.07833714
AST/BTC,1535304432251,2018-08-26T17:27:12.251Z,sell,1.487e-05,310.0,0.0046096999999999996
AST/BTC,1535304432266,2018-08-26T17:27:12.266Z,sell,1.489e-05,2179.0,0.03244531
AST/BTC,1535304432266,2018-08-26T17:27:12.266Z,sell,1.487e-05,2584.0,0.03842408
AST/BTC,1535304432266,2018-08-26T17:27:12.266Z,sell,1.486e-05,806.0,0.01197716
AST/BTC,1535304432266,2018-08-26T17:27:12.266Z,sell,1.485e-05,11.0,0.00016335
AST/BTC,1535304432362,2018-08-26T17:27:12.362Z,buy,1.512e-05,297.0,0.00449064
AST/BTC,1535304432378,2018-08-26T17:27:12.378Z,buy,1.512e-05,128.0,0.00193536
AST/BTC,1535304432441,2018-08-26T17:27:12.441Z,sell,1.514e-05,84.0,0.00127176
AST/BTC,1535304432806,2018-08-26T17:27:12.806Z,sell,1.49e-05,276.0,0.0041123999999999996
AST/BTC,1535304433117,2018-08-26T17:27:13.117Z,buy,1.511e-05,212.0,0.00320332
AST/BTC,1535304433235,2018-08-26T17:27:13.235Z,sell,1.492e-05,602.0,0.00898184
AST/BTC,1535304433235,2018-08-26T17:27:13.235Z,sell,1.49e-05,96.0,0.0014304
AST/BTC,1535304433283,2018-08-26T17:27:13.283Z,sell,1.49e-05,1704.0,0.0253896
AST/BTC,1535304433283,2018-08-26T17:27:13.283Z,sell,1.489e-05,671.0,0.00999119
AST/BTC,1535304433283,2018-08-26T17:27:13.283Z,sell,1.486e-05,4601.0,0.06837086
AST/BTC,1535304433467,2018-08-26T17:27:13.467Z,sell,1.487e-05,2907.0,0.04322709
AST/BTC,1535304433467,2018-08-26T17:27:13.467Z,sell,1.486e-05,1386.0,0.02059596
AST/BTC,1535304433751,2018-08-26T17:27:13.751Z,buy,1.502e-05,211.0,0.00316922
AST/BTC,1535304439067,2018-08-26T17:27:19.067Z,buy,1.498e-05,151.0,0.0022619800000000002
AST/BTC,1535304439373,2018-08-26T17:27:19.373Z,buy,1.498e-05,100.0,0.001498
AST/BTC,1535304439420,2018-08-26T17:27:19.420Z,buy,1.498e-05,108.0,0.0016178400000000002
AST/BTC,1535304447822,2018-08-26T17:27:27.822Z,buy,1.493e-05,635.0,0.009480549999999999
AST/BTC,1535304452509,2018-08-26T17:27:32.509Z,buy,1.489e-05,268.0,0.00399052
AST/BTC,1535304458452,2018-08-26T17:27:38.452Z,sell,1.486e-05,650.0,0.009659
AST/BTC,1535304461299,2018-08-26T17:27:41.299Z,sell,1.485e-05,392.0,0.0058212
AST/BTC,1535304461299,2018-08-26T17:27:41.299Z,sell,1.484e-05,11.0,0.00016324
AST/BTC,1535304464429,2018-08-26T17:27:44.429Z,sell,1.484e-05,1335.0,0.0198114
AST/BTC,1535304465493,2018-08-26T17:27:45.493Z,buy,1.484e-05,118.0,0.00175112
AST/BTC,1535304470566,2018-08-26T17:27:50.566Z,buy,1.485e-05,192.0,0.0028512
AST/BTC,1535304470566,2018-08-26T17:27:50.566Z,buy,1.486e-05,5987.0,0.08896682
AST/BTC,1535304470566,2018-08-26T17:27:50.566Z,buy,1.49e-05,1413.0,0.021053699999999998
AST/BTC,1535304470566,2018-08-26T17:27:50.566Z,buy,1.496e-05,1195.0,0.0178772
AST/BTC,1535304470566,2018-08-26T17:27:50.566Z,buy,1.497e-05,670.0,0.010029900000000001
AST/BTC,1535304470566,2018-08-26T17:27:50.566Z,buy,1.499e-05,1252.0,0.01876748
AST/BTC,1535304470566,2018-08-26T17:27:50.566Z,buy,1.506e-05,671.0,0.01010526
AST/BTC,1535304470566,2018-08-26T17:27:50.566Z,buy,1.512e-05,268.0,0.00405216
AST/BTC,1535304470566,2018-08-26T17:27:50.566Z,buy,1.522e-05,692.0,0.01053224
AST/BTC,1535304470596,2018-08-26T17:27:50.596Z,sell,1.522e-05,6635.0,0.1009847
AST/BTC,1535304470604,2018-08-26T17:27:50.604Z,sell,1.522e-05,84.0,0.00127848
AST/BTC,1535304470614,2018-08-26T17:27:50.614Z,sell,1.522e-05,500.0,0.00761
AST/BTC,1535304470756,2018-08-26T17:27:50.756Z,sell,1.522e-05,197.0,0.00299834
AST/BTC,1535304470922,2018-08-26T17:27:50.922Z,sell,1.522e-05,12314.0,0.18741908
AST/BTC,1535304471067,2018-08-26T17:27:51.067Z,sell,1.522e-05,1414.0,0.02152108
AST/BTC,1535304471533,2018-08-26T17:27:51.533Z,sell,1.522e-05,500.0,0.00761
AST/BTC,1535304471599,2018-08-26T17:27:51.599Z,sell,1.522e-05,3275.0,0.0498455
AST/BTC,1535304473545,2018-08-26T17:27:53.545Z,sell,1.522e-05,263.0,0.00400286
AST/BTC,1535304473616,2018-08-26T17:27:53.616Z,sell,1.522e-05,1249.0,0.01900978
AST/BTC,1535304473724,2018-08-26T17:27:53.724Z,buy,1.523e-05,403.0,0.00613769
AST/BTC,1535304475344,2018-08-26T17:27:55.344Z,sell,1.523e-05,717.0,0.01091991
AST/BTC,1535304476788,2018-08-26T17:27:56.788Z,sell,1.523e-05,86.0,0.00130978
AST/BTC,1535304477077,2018-08-26T17:27:57.077Z,sell,1.523e-05,900.0,0.013707
AST/BTC,1535304477678,2018-08-26T17:27:57.678Z,sell,1.523e-05,1718.0,0.02616514
AST/BTC,1535304477743,2018-08-26T17:27:57.743Z,sell,1.523e-05,80.0,0.0012184
AST/BTC,1535304480397,2018-08-26T17:28:00.397Z,sell,1.524e-05,564.0,0.00859536
AST/BTC,1535304480397,2018-08-26T17:28:00.397Z,sell,1.523e-05,1882.0,0.02866286
AST/BTC,1535304481778,2018-08-26T17:28:01.778Z,sell,1.524e-05,258.0,0.00393192
AST/BTC,1535304483904,2018-08-26T17:28:03.904Z,sell,1.524e-05,24.0,0.00036576
AST/BTC,1535304484529,2018-08-26T17:28:04.529Z,buy,1.524e-05,67.0,0.00102108
AST/BTC,1535304485992,2018-08-26T17:28:05.992Z,sell,1.523e-05,922.0,0.01404206
AST/BTC,1535304488841,2018-08-26T17:28:08.841Z,sell,1.523e-05,52.0,0.00079196
AST/BTC,1535304488841,2018-08-26T17:28:08.841Z,sell,1.522e-05,291.0,0.00442902
AST/BTC,1535304490057,2018-08-26T17:28:10.057Z,buy,1.524e-05,311.0,0.00473964
AST/BTC,1535304490057,2018-08-26T17:28:10.057Z,buy,1.528e-05,3355.0,0.051264399999999995
AST/BTC,1535304490057,2018-08-26T17:28:10.057Z,buy,1.53e-05,67.0,0.0010251
AST/BTC,1535304490057,2018-08-26T17:28:10.057Z,buy,1.531e-05,403.0,0.0061699300000000006
AST/BTC,1535304490057,2018-08-26T17:28:10.057Z,buy,1.532e-05,578.0,0.00885496
AST/BTC,1535304490057,2018-08-26T17:28:10.057Z,buy,1.534e-05,1311.0,0.02011074
AST/BTC,1535304490057,2018-08-26T17:28:10.057Z,buy,1.535e-05,3018.0,0.0463263
AST/BTC,1535304490057,2018-08-26T17:28:10.057Z,buy,1.539e-05,7253.0,0.11162367
AST/BTC,1535304490057,2018-08-26T17:28:10.057Z,buy,1.54e-05,18432.0,0.2838528
AST/BTC,1535304490057,2018-08-26T17:28:10.057Z,sell,1.54e-05,78.0,0.0012012000000000001
AST/BTC,1535304490057,2018-08-26T17:28:10.057Z,sell,1.54e-05,3000.0,0.046200000000000005
AST/BTC,1535304490150,2018-08-26T17:28:10.150Z,sell,1.54e-05,1006.0,0.015492400000000002
AST/BTC,1535304490618,2018-08-26T17:28:10.618Z,sell,1.54e-05,2594.0,0.03994760000000001
AST/BTC,1535304490625,2018-08-26T17:28:10.625Z,sell,1.54e-05,500.0,0.007700000000000001
AST/BTC,1535304490658,2018-08-26T17:28:10.658Z,sell,1.54e-05,500.0,0.007700000000000001
AST/BTC,1535304490691,2018-08-26T17:28:10.691Z,sell,1.54e-05,1006.0,0.015492400000000002
AST/BTC,1535304491661,2018-08-26T17:28:11.661Z,buy,1.543e-05,786.0,0.01212798
AST/BTC,1535304492663,2018-08-26T17:28:12.663Z,buy,1.544e-05,1433.0,0.022125520000000003
AST/BTC,1535304493433,2018-08-26T17:28:13.433Z,buy,1.545e-05,1548.0,0.0239166
AST/BTC,1535304493433,2018-08-26T17:28:13.433Z,buy,1.548e-05,132.0,0.00204336
AST/BTC,1535304493433,2018-08-26T17:28:13.433Z,buy,1.549e-05,1000.0,0.015489999999999999
AST/BTC,1535304493433,2018-08-26T17:28:13.433Z,buy,1.55e-05,4820.0,0.07471
AST/BTC,1535304495657,2018-08-26T17:28:15.657Z,buy,1.55e-05,201.0,0.0031155
AST/BTC,1535304498082,2018-08-26T17:28:18.082Z,sell,1.544e-05,1001.0,0.01545544
AST/BTC,1535304498082,2018-08-26T17:28:18.082Z,sell,1.542e-05,617.0,0.00951414
AST/BTC,1535304498082,2018-08-26T17:28:18.082Z,sell,1.541e-05,118.0,0.00181838
AST/BTC,1535304498489,2018-08-26T17:28:18.489Z,buy,1.544e-05,1001.0,0.01545544
AST/BTC,1535304498489,2018-08-26T17:28:18.489Z,buy,1.55e-05,1116.0,0.017298
AST/BTC,1535304498978,2018-08-26T17:28:18.978Z,sell,1.541e-05,500.0,0.007705
AST/BTC,1535304500528,2018-08-26T17:28:20.528Z,sell,1.542e-05,265.0,0.0040863
AST/BTC,1535304506284,2018-08-26T17:28:26.284Z,buy,1.55e-05,2097.0,0.032503500000000005
AST/BTC,1535304506284,2018-08-26T17:28:26.284Z,buy,1.555e-05,1000.0,0.015549999999999998
AST/BTC,1535304506284,2018-08-26T17:28:26.284Z,buy,1.56e-05,247.0,0.0038531999999999998
AST/BTC,1535304506284,2018-08-26T17:28:26.284Z,buy,1.562e-05,454.0,0.00709148
AST/BTC,1535304506284,2018-08-26T17:28:26.284Z,buy,1.567e-05,7954.0,0.12463918
AST/BTC,1535304506305,2018-08-26T17:28:26.305Z,sell,1.567e-05,11746.0,0.18405982
AST/BTC,1535304506778,2018-08-26T17:28:26.778Z,sell,1.543e-05,197.0,0.0030397099999999997
AST/BTC,1535304509855,2018-08-26T17:28:29.855Z,sell,1.55e-05,49.0,0.0007595000000000001
AST/BTC,1535304510818,2018-08-26T17:28:30.818Z,buy,1.569e-05,197.0,0.00309093
AST/BTC,1535304510818,2018-08-26T17:28:30.818Z,buy,1.57e-05,70.0,0.001099
AST/BTC,1535304510818,2018-08-26T17:28:30.818Z,buy,1.574e-05,574.0,0.00903476
AST/BTC,1535304513668,2018-08-26T17:28:33.668Z,sell,1.551e-05,1056.0,0.01637856
AST/BTC,1535304513685,2018-08-26T17:28:33.685Z,sell,1.551e-05,2548.0,0.039519479999999996
AST/BTC,1535304516828,2018-08-26T17:28:36.828Z,buy,1.568e-05,967.0,0.015162559999999999
AST/BTC,1535304516828,2018-08-26T17:28:36.828Z,buy,1.569e-05,197.0,0.00309093
AST/BTC,1535304520559,2018-08-26T17:28:40.559Z,buy,1.568e-05,67.0,0.0010505599999999999
AST/BTC,1535304524905,2018-08-26T17:28:44.905Z,sell,1.552e-05,377.0,0.00585104
AST/BTC,1535304527726,2018-08-26T17:28:47.726Z,sell,1.552e-05,621.0,0.00963792
AST/BTC,1535304527726,2018-08-26T17:28:47.726Z,sell,1.551e-05,638.0,0.009895379999999999
AST/BTC,1535304527726,2018-08-26T17:28:47.726Z,sell,1.55e-05,892.0,0.013826
AST/BTC,1535304538918,2018-08-26T17:28:58.918Z,buy,1.553e-05,603.0,0.009364589999999999
AST/BTC,1535304540240,2018-08-26T17:29:00.240Z,buy,1.553e-05,101.0,0.0015685299999999998
AST/BTC,1535304543662,2018-08-26T17:29:03.662Z,buy,1.551e-05,65.0,0.00100815
AST/BTC,1535304543743,2018-08-26T17:29:03.743Z,sell,1.55e-05,239.0,0.0037045000000000003
AST/BTC,1535304544015,2018-08-26T17:29:04.015Z,buy,1.55e-05,182.0,0.002821
AST/BTC,1535304544488,2018-08-26T17:29:04.488Z,sell,1.543e-05,121.0,0.00186703
AST/BTC,1535304547743,2018-08-26T17:29:07.743Z,sell,1.549e-05,935.0,0.014483149999999998
AST/BTC,1535304550231,2018-08-26T17:29:10.231Z,sell,1.549e-05,33.0,0.0005111699999999999
AST/BTC,1535304550231,2018-08-26T17:29:10.231Z,sell,1.544e-05,47.0,0.00072568
AST/BTC,1535304551098,2018-08-26T17:29:11.098Z,buy,1.549e-05,33.0,0.0005111699999999999
AST/BTC,1535304555538,2018-08-26T17:29:15.538Z,buy,1.548e-05,248.0,0.00383904
AST/BTC,1535304555538,2018-08-26T17:29:15.538Z,buy,1.549e-05,252.0,0.00390348
AST/BTC,1535304557162,2018-08-26T17:29:17.162Z,sell,1.543e-05,72.0,0.00111096
AST/BTC,1535304557162,2018-08-26T17:29:17.162Z,sell,1.543e-05,72.0,0.00111096
AST/BTC,1535304568256,2018-08-26T17:29:28.256Z,buy,1.549e-05,376.0,0.00582424
AST/BTC,1535304569522,2018-08-26T17:29:29.522Z,buy,1.548e-05,225.0,0.003483
AST/BTC,1535304569947,2018-08-26T17:29:29.947Z,sell,1.543e-05,97.0,0.00149671
AST/BTC,1535304570010,2018-08-26T17:29:30.010Z,buy,1.548e-05,68.0,0.00105264
AST/BTC,1535304570107,2018-08-26T17:29:30.107Z,sell,1.543e-05,54.0,0.00083322
AST/BTC,1535304572843,2018-08-26T17:29:32.843Z,buy,1.548e-05,40.0,0.0006192000000000001
AST/BTC,1535304572843,2018-08-26T17:29:32.843Z,buy,1.549e-05,1.0,1.549e-05
AST/BTC,1535304572843,2018-08-26T17:29:32.843Z,buy,1.554e-05,47.0,0.00073038
AST/BTC,1535304592062,2018-08-26T17:29:52.062Z,buy,1.551e-05,5575.0,0.08646825
AST/BTC,1535304592232,2018-08-26T17:29:52.232Z,buy,1.551e-05,1137.0,0.01763487
AST/BTC,1535304592232,2018-08-26T17:29:52.232Z,buy,1.554e-05,147.0,0.00228438
AST/BTC,1535304592232,2018-08-26T17:29:52.232Z,buy,1.557e-05,838.0,0.013047659999999999
AST/BTC,1535304592232,2018-08-26T17:29:52.232Z,buy,1.56e-05,168.0,0.0026208
AST/BTC,1535304592232,2018-08-26T17:29:52.232Z,buy,1.565e-05,100.0,0.001565
AST/BTC,1535304592247,2018-08-26T17:29:52.247Z,sell,1.565e-05,5575.0,0.08724875
AST/BTC,1535304592604,2018-08-26T17:29:52.604Z,buy,1.561e-05,2196.0,0.03427956
AST/BTC,1535304592604,2018-08-26T17:29:52.604Z,buy,1.574e-05,1055.0,0.016605699999999998
AST/BTC,1535304592604,2018-08-26T17:29:52.604Z,buy,1.582e-05,85.0,0.0013447
AST/BTC,1535304592972,2018-08-26T17:29:52.972Z,sell,1.578e-05,2630.0,0.0415014
AST/BTC,1535304593599,2018-08-26T17:29:53.599Z,buy,1.575e-05,858.0,0.0135135
AST/BTC,1535304593599,2018-08-26T17:29:53.599Z,buy,1.579e-05,300.0,0.004737
AST/BTC,1535304593599,2018-08-26T17:29:53.599Z,buy,1.582e-05,827.0,0.01308314
AST/BTC,1535304593626,2018-08-26T17:29:53.626Z,buy,1.586e-05,309.0,0.00490074
AST/BTC,1535304593626,2018-08-26T17:29:53.626Z,buy,1.587e-05,871.0,0.013822769999999998
AST/BTC,1535304593750,2018-08-26T17:29:53.750Z,buy,1.583e-05,943.0,0.014927689999999999
AST/BTC,1535304593805,2018-08-26T17:29:53.805Z,buy,1.583e-05,142.0,0.00224786
AST/BTC,1535304593962,2018-08-26T17:29:53.962Z,sell,1.555e-05,15.0,0.00023324999999999998
AST/BTC,1535304594252,2018-08-26T17:29:54.252Z,buy,1.587e-05,130.0,0.0020631
AST/BTC,1535304594252,2018-08-26T17:29:54.252Z,buy,1.589e-05,259.0,0.004115509999999999
AST/BTC,1535304594252,2018-08-26T17:29:54.252Z,buy,1.59e-05,1676.0,0.0266484
AST/BTC,1535304594252,2018-08-26T17:29:54.252Z,buy,1.591e-05,150.0,0.0023864999999999997
AST/BTC,1535304594252,2018-08-26T17:29:54.252Z,buy,1.597e-05,790.0,0.0126163
AST/BTC,1535304594252,2018-08-26T17:29:54.252Z,buy,1.599e-05,532.0,0.00850668
AST/BTC,1535304594271,2018-08-26T17:29:54.271Z,buy,1.599e-05,3524.0,0.056348760000000005
AST/BTC,1535304595354,2018-08-26T17:29:55.354Z,buy,1.598e-05,424.0,0.00677552
AST/BTC,1535304595363,2018-08-26T17:29:55.363Z,buy,1.598e-05,414.0,0.006615719999999999
AST/BTC,1535304595397,2018-08-26T17:29:55.397Z,buy,1.598e-05,424.0,0.00677552
AST/BTC,1535304595571,2018-08-26T17:29:55.571Z,buy,1.598e-05,300.0,0.004794
AST/BTC,1535304596824,2018-08-26T17:29:56.824Z,sell,1.556e-05,88.0,0.00136928
AST/BTC,1535304597292,2018-08-26T17:29:57.292Z,buy,1.598e-05,25.0,0.0003995
AST/BTC,1535304597309,2018-08-26T17:29:57.309Z,sell,1.565e-05,158.0,0.0024727
AST/BTC,1535304597309,2018-08-26T17:29:57.309Z,sell,1.556e-05,537.0,0.00835572
AST/BTC,1535304598830,2018-08-26T17:29:58.830Z,buy,1.597e-05,13.0,0.00020761000000000003
AST/BTC,1535304599963,2018-08-26T17:29:59.963Z,buy,1.596e-05,13.0,0.00020747999999999999
AST/BTC,1535304601913,2018-08-26T17:30:01.913Z,buy,1.588e-05,419.0,0.00665372
AST/BTC,1535304601913,2018-08-26T17:30:01.913Z,buy,1.589e-05,612.0,0.00972468
AST/BTC,1535304601913,2018-08-26T17:30:01.913Z,buy,1.59e-05,1829.0,0.029081100000000002
AST/BTC,1535304614105,2018-08-26T17:30:14.105Z,sell,1.576e-05,968.0,0.015255680000000002
AST/BTC,1535304614368,2018-08-26T17:30:14.368Z,sell,1.576e-05,153.0,0.0024112800000000005
AST/BTC,1535304614516,2018-08-26T17:30:14.516Z,buy,1.575e-05,560.0,0.00882
AST/BTC,1535304614516,2018-08-26T17:30:14.516Z,buy,1.576e-05,53.0,0.0008352800000000001
AST/BTC,1535304622257,2018-08-26T17:30:22.257Z,sell,1.566e-05,37.0,0.00057942
AST/BTC,1535304622503,2018-08-26T17:30:22.503Z,sell,1.566e-05,63.0,0.00098658
AST/BTC,1535304622503,2018-08-26T17:30:22.503Z,sell,1.565e-05,16.0,0.0002504
AST/BTC,1535304640070,2018-08-26T17:30:40.070Z,buy,1.567e-05,392.0,0.00614264
AST/BTC,1535304640148,2018-08-26T17:30:40.148Z,sell,1.566e-05,554.0,0.00867564
AST/BTC,1535304640148,2018-08-26T17:30:40.148Z,sell,1.558e-05,200.0,0.003116
AST/BTC,1535304640148,2018-08-26T17:30:40.148Z,sell,1.557e-05,1154.0,0.01796778
AST/BTC,1535304640148,2018-08-26T17:30:40.148Z,sell,1.556e-05,6628.0,0.10313168
AST/BTC,1535304641202,2018-08-26T17:30:41.202Z,buy,1.566e-05,118.0,0.0018478799999999999
AST/BTC,1535304642102,2018-08-26T17:30:42.102Z,buy,1.566e-05,436.0,0.0068277599999999996
AST/BTC,1535304642208,2018-08-26T17:30:42.208Z,buy,1.586e-05,68.0,0.0010784800000000002
AST/BTC,1535304642208,2018-08-26T17:30:42.208Z,buy,1.588e-05,355.0,0.0056374
AST/BTC,1535304643763,2018-08-26T17:30:43.763Z,sell,1.568e-05,200.0,0.003136
AST/BTC,1535304645969,2018-08-26T17:30:45.969Z,sell,1.57e-05,182.0,0.0028574
AST/BTC,1535304649252,2018-08-26T17:30:49.252Z,buy,1.584e-05,64.0,0.00101376
AST/BTC,1535304652959,2018-08-26T17:30:52.959Z,sell,1.57e-05,169.0,0.0026533
AST/BTC,1535304662878,2018-08-26T17:31:02.878Z,sell,1.571e-05,100.0,0.0015710000000000001
AST/BTC,1535304665186,2018-08-26T17:31:05.186Z,sell,1.571e-05,88.0,0.00138248
AST/BTC,1535304665530,2018-08-26T17:31:05.530Z,sell,1.571e-05,54.0,0.00084834
AST/BTC,1535304668003,2018-08-26T17:31:08.003Z,sell,1.571e-05,661.0,0.01038431
AST/BTC,1535304672275,2018-08-26T17:31:12.275Z,sell,1.571e-05,364.0,0.00571844
AST/BTC,1535304672339,2018-08-26T17:31:12.339Z,sell,1.571e-05,6.0,9.426000000000001e-05
AST/BTC,1535304672558,2018-08-26T17:31:12.558Z,sell,1.57e-05,64.0,0.0010048
AST/BTC,1535304672558,2018-08-26T17:31:12.558Z,sell,1.569e-05,1006.0,0.015784140000000002
AST/BTC,1535304672572,2018-08-26T17:31:12.572Z,sell,1.569e-05,5886.0,0.09235134
AST/BTC,1535304672856,2018-08-26T17:31:12.856Z,buy,1.568e-05,65.0,0.0010191999999999998
AST/BTC,1535304679589,2018-08-26T17:31:19.589Z,buy,1.567e-05,100.0,0.001567
AST/BTC,1535304679589,2018-08-26T17:31:19.589Z,buy,1.57e-05,71.0,0.0011147
AST/BTC,1535304679589,2018-08-26T17:31:19.589Z,buy,1.574e-05,65.0,0.0010230999999999999
AST/BTC,1535304679589,2018-08-26T17:31:19.589Z,buy,1.575e-05,351.0,0.00552825
AST/BTC,1535304679589,2018-08-26T17:31:19.589Z,buy,1.576e-05,470.0,0.007407200000000001
AST/BTC,1535304687248,2018-08-26T17:31:27.248Z,buy,1.573e-05,3336.0,0.05247528
AST/BTC,1535304687248,2018-08-26T17:31:27.248Z,buy,1.576e-05,1207.0,0.019022320000000002
AST/BTC,1535304687248,2018-08-26T17:31:27.248Z,buy,1.579e-05,2846.0,0.04493834
AST/BTC,1535304688684,2018-08-26T17:31:28.684Z,buy,1.569e-05,578.0,0.00906882
AST/BTC,1535304696280,2018-08-26T17:31:36.280Z,sell,1.565e-05,319.0,0.00499235
AST/BTC,1535304696689,2018-08-26T17:31:36.689Z,sell,1.57e-05,65.0,0.0010205
AST/BTC,1535304696689,2018-08-26T17:31:36.689Z,sell,1.565e-05,3.0,4.695e-05
AST/BTC,1535304696689,2018-08-26T17:31:36.689Z,sell,1.56e-05,253.0,0.0039468
AST/BTC,1535304702236,2018-08-26T17:31:42.236Z,sell,1.562e-05,70.0,0.0010934
AST/BTC,1535304722903,2018-08-26T17:32:02.903Z,buy,1.568e-05,69.0,0.0010819199999999999
AST/BTC,1535304725515,2018-08-26T17:32:05.515Z,buy,1.567e-05,133.0,0.00208411
AST/BTC,1535304733637,2018-08-26T17:32:13.637Z,buy,1.567e-05,229.0,0.00358843
AST/BTC,1535304742670,2018-08-26T17:32:22.670Z,sell,1.567e-05,703.0,0.01101601
AST/BTC,1535304742670,2018-08-26T17:32:22.670Z,sell,1.566e-05,617.0,0.00966222
AST/BTC,1535304742670,2018-08-26T17:32:22.670Z,sell,1.564e-05,299.0,0.00467636
AST/BTC,1535304742682,2018-08-26T17:32:22.682Z,sell,1.562e-05,426.0,0.0066541199999999995
AST/BTC,1535304742682,2018-08-26T17:32:22.682Z,sell,1.561e-05,276.0,0.004308360000000001
AST/BTC,1535304743072,2018-08-26T17:32:23.072Z,sell,1.561e-05,132.0,0.00206052
AST/BTC,1535304744132,2018-08-26T17:32:24.132Z,sell,1.561e-05,314.0,0.00490154
AST/BTC,1535304745194,2018-08-26T17:32:25.194Z,buy,1.563e-05,611.0,0.00954993
AST/BTC,1535304745782,2018-08-26T17:32:25.782Z,sell,1.56e-05,91.0,0.0014196
AST/BTC,1535304746237,2018-08-26T17:32:26.237Z,sell,1.561e-05,183.0,0.00285663
AST/BTC,1535304748528,2018-08-26T17:32:28.528Z,sell,1.56e-05,1036.0,0.016161599999999998
AST/BTC,1535304754440,2018-08-26T17:32:34.440Z,buy,1.567e-05,541.0,0.00847747
AST/BTC,1535304757220,2018-08-26T17:32:37.220Z,sell,1.561e-05,5886.0,0.09188046000000001
AST/BTC,1535304757220,2018-08-26T17:32:37.220Z,sell,1.56e-05,2426.0,0.0378456
AST/BTC,1535304759647,2018-08-26T17:32:39.647Z,buy,1.566e-05,183.0,0.0028657799999999996
AST/BTC,1535304759814,2018-08-26T17:32:39.814Z,sell,1.566e-05,327.0,0.00512082
AST/BTC,1535304761286,2018-08-26T17:32:41.286Z,sell,1.556e-05,65.0,0.0010114
AST/BTC,1535304761286,2018-08-26T17:32:41.286Z,sell,1.555e-05,370.0,0.005753499999999999
AST/BTC,1535304761286,2018-08-26T17:32:41.286Z,sell,1.554e-05,65.0,0.0010101
AST/BTC,1535304761286,2018-08-26T17:32:41.286Z,sell,1.552e-05,100.0,0.001552
AST/BTC,1535304770082,2018-08-26T17:32:50.082Z,sell,1.553e-05,114.0,0.0017704199999999998
AST/BTC,1535304770082,2018-08-26T17:32:50.082Z,sell,1.552e-05,2882.0,0.04472864
AST/BTC,1535304770082,2018-08-26T17:32:50.082Z,sell,1.551e-05,3059.0,0.047445089999999995
AST/BTC,1535304786402,2018-08-26T17:33:06.402Z,sell,1.552e-05,1.0,1.552e-05
AST/BTC,1535304792089,2018-08-26T17:33:12.089Z,buy,1.557e-05,114.0,0.0017749799999999998
AST/BTC,1535304792089,2018-08-26T17:33:12.089Z,buy,1.558e-05,391.0,0.00609178
AST/BTC,1535304792089,2018-08-26T17:33:12.089Z,buy,1.559e-05,708.0,0.01103772
AST/BTC,1535304792099,2018-08-26T17:33:12.099Z,buy,1.559e-05,114.0,0.0017772600000000001
AST/BTC,1535304792107,2018-08-26T17:33:12.107Z,buy,1.559e-05,293.0,0.004567870000000001
AST/BTC,1535304792170,2018-08-26T17:33:12.170Z,sell,1.559e-05,113.0,0.0017616700000000001
AST/BTC,1535304795203,2018-08-26T17:33:15.203Z,sell,1.552e-05,57.0,0.00088464
AST/BTC,1535304795357,2018-08-26T17:33:15.357Z,sell,1.552e-05,113.0,0.00175376
AST/BTC,1535304825130,2018-08-26T17:33:45.130Z,buy,1.558e-05,70.0,0.0010906
AST/BTC,1535304829985,2018-08-26T17:33:49.985Z,buy,1.558e-05,30.0,0.0004674
AST/BTC,1535304829985,2018-08-26T17:33:49.985Z,buy,1.559e-05,95.0,0.0014810500000000002
AST/BTC,1535304885620,2018-08-26T17:34:45.620Z,buy,1.559e-05,740.0,0.011536600000000001
AST/BTC,1535304885620,2018-08-26T17:34:45.620Z,buy,1.561e-05,1168.0,0.018232480000000002
AST/BTC,1535304885620,2018-08-26T17:34:45.620Z,buy,1.563e-05,1154.0,0.01803702
AST/BTC,1535304885620,2018-08-26T17:34:45.620Z,buy,1.564e-05,3775.0,0.059040999999999996
AST/BTC,1535304885667,2018-08-26T17:34:45.667Z,sell,1.564e-05,518.0,0.00810152
AST/BTC,1535304885667,2018-08-26T17:34:45.667Z,sell,1.564e-05,364.0,0.0056929599999999995
AST/BTC,1535304885713,2018-08-26T17:34:45.713Z,sell,1.564e-05,277.0,0.00433228
AST/BTC,1535304886722,2018-08-26T17:34:46.722Z,sell,1.564e-05,600.0,0.009384
AST/BTC,1535304894279,2018-08-26T17:34:54.279Z,buy,1.565e-05,1207.0,0.01888955
AST/BTC,1535304894587,2018-08-26T17:34:54.587Z,sell,1.564e-05,72.0,0.00112608
AST/BTC,1535304896678,2018-08-26T17:34:56.678Z,buy,1.565e-05,2541.0,0.03976665
AST/BTC,1535304900160,2018-08-26T17:35:00.160Z,buy,1.565e-05,1.0,1.565e-05
AST/BTC,1535304902178,2018-08-26T17:35:02.178Z,buy,1.565e-05,608.0,0.009515200000000001
AST/BTC,1535304907955,2018-08-26T17:35:07.955Z,buy,1.565e-05,95.0,0.00148675
AST/BTC,1535304908306,2018-08-26T17:35:08.306Z,sell,1.564e-05,173.0,0.00270572
AST/BTC,1535304908479,2018-08-26T17:35:08.479Z,buy,1.565e-05,1158.0,0.018122700000000002
AST/BTC,1535304908479,2018-08-26T17:35:08.479Z,buy,1.569e-05,130.0,0.0020397
AST/BTC,1535304908479,2018-08-26T17:35:08.479Z,buy,1.576e-05,193.0,0.00304168
AST/BTC,1535304908479,2018-08-26T17:35:08.479Z,buy,1.581e-05,385.0,0.0060868499999999996
AST/BTC,1535304908479,2018-08-26T17:35:08.479Z,buy,1.584e-05,5886.0,0.09323424000000001
AST/BTC,1535304908479,2018-08-26T17:35:08.479Z,buy,1.585e-05,1903.0,0.03016255
AST/BTC,1535304908479,2018-08-26T17:35:08.479Z,buy,1.589e-05,3524.0,0.055996359999999995
AST/BTC,1535304908479,2018-08-26T17:35:08.479Z,buy,1.595e-05,191.0,0.0030464500000000005
AST/BTC,1535304908479,2018-08-26T17:35:08.479Z,buy,1.596e-05,2617.0,0.04176732
AST/BTC,1535304908479,2018-08-26T17:35:08.479Z,buy,1.599e-05,623.0,0.00996177
AST/BTC,1535304908479,2018-08-26T17:35:08.479Z,buy,1.6e-05,2153.0,0.034448
AST/BTC,1535304908479,2018-08-26T17:35:08.479Z,sell,1.6e-05,562.0,0.008992
AST/BTC,1535304908500,2018-08-26T17:35:08.500Z,sell,1.6e-05,1421.0,0.022736
AST/BTC,1535304908504,2018-08-26T17:35:08.504Z,sell,1.6e-05,77.0,0.001232
AST/BTC,1535304908513,2018-08-26T17:35:08.513Z,sell,1.6e-05,751.0,0.012015999999999999
AST/BTC,1535304908522,2018-08-26T17:35:08.522Z,sell,1.6e-05,633.0,0.010128
AST/BTC,1535304908756,2018-08-26T17:35:08.756Z,sell,1.6e-05,1216.0,0.019455999999999998
AST/BTC,1535304908924,2018-08-26T17:35:08.924Z,sell,1.6e-05,279.0,0.004464
AST/BTC,1535304908957,2018-08-26T17:35:08.957Z,sell,1.6e-05,2166.0,0.034656
AST/BTC,1535304909155,2018-08-26T17:35:09.155Z,sell,1.6e-05,665.0,0.01064
AST/BTC,1535304909178,2018-08-26T17:35:09.178Z,sell,1.6e-05,500.0,0.008
AST/BTC,1535304909569,2018-08-26T17:35:09.569Z,sell,1.6e-05,1.0,1.6e-05
AST/BTC,1535304912366,2018-08-26T17:35:12.366Z,sell,1.6e-05,230.0,0.0036799999999999997
AST/BTC,1535304914640,2018-08-26T17:35:14.640Z,sell,1.6e-05,4960.0,0.07936
AST/BTC,1535304915097,2018-08-26T17:35:15.097Z,buy,1.6e-05,1.0,1.6e-05
AST/BTC,1535304920777,2018-08-26T17:35:20.777Z,buy,1.6e-05,1248.0,0.019968
AST/BTC,1535304923768,2018-08-26T17:35:23.768Z,sell,1.6e-05,321.0,0.005136
AST/BTC,1535304924532,2018-08-26T17:35:24.532Z,sell,1.6e-05,222.0,0.003552
AST/BTC,1535304925770,2018-08-26T17:35:25.770Z,sell,1.6e-05,1055.0,0.01688
AST/BTC,1535304926260,2018-08-26T17:35:26.260Z,sell,1.601e-05,548.0,0.00877348
AST/BTC,1535304926556,2018-08-26T17:35:26.556Z,sell,1.601e-05,318.0,0.005091180000000001
AST/BTC,1535304927194,2018-08-26T17:35:27.194Z,sell,1.601e-05,2211.0,0.03539811
AST/BTC,1535304927917,2018-08-26T17:35:27.917Z,sell,1.601e-05,1182.0,0.01892382
AST/BTC,1535304928405,2018-08-26T17:35:28.405Z,buy,1.603e-05,63.0,0.00100989
AST/BTC,1535304929124,2018-08-26T17:35:29.124Z,sell,1.602e-05,1249.0,0.02000898
AST/BTC,1535304930091,2018-08-26T17:35:30.091Z,buy,1.603e-05,1174.0,0.01881922
AST/BTC,1535304930139,2018-08-26T17:35:30.139Z,sell,1.603e-05,980.0,0.015709400000000002
AST/BTC,1535304930189,2018-08-26T17:35:30.189Z,sell,1.603e-05,932.0,0.01493996
AST/BTC,1535304932629,2018-08-26T17:35:32.629Z,buy,1.604e-05,3.0,4.811999999999999e-05
AST/BTC,1535304934459,2018-08-26T17:35:34.459Z,buy,1.604e-05,287.0,0.00460348
AST/BTC,1535304934459,2018-08-26T17:35:34.459Z,buy,1.605e-05,307.0,0.0049273500000000005
AST/BTC,1535304934872,2018-08-26T17:35:34.872Z,sell,1.603e-05,274.0,0.0043922200000000005
AST/BTC,1535304934921,2018-08-26T17:35:34.921Z,buy,1.605e-05,95.0,0.00152475
AST/BTC,1535304937026,2018-08-26T17:35:37.026Z,sell,1.603e-05,82.0,0.0013144600000000002
AST/BTC,1535304938835,2018-08-26T17:35:38.835Z,sell,1.603e-05,50.0,0.0008015
AST/BTC,1535304944575,2018-08-26T17:35:44.575Z,sell,1.603e-05,86.0,0.0013785800000000001
AST/BTC,1535304944774,2018-08-26T17:35:44.774Z,buy,1.605e-05,598.0,0.0095979
AST/BTC,1535304946325,2018-08-26T17:35:46.325Z,buy,1.606e-05,686.0,0.01101716
AST/BTC,1535304947498,2018-08-26T17:35:47.498Z,buy,1.607e-05,247.0,0.00396929
AST/BTC,1535304947498,2018-08-26T17:35:47.498Z,buy,1.61e-05,63.0,0.0010142999999999999
AST/BTC,1535304947498,2018-08-26T17:35:47.498Z,buy,1.614e-05,90.0,0.0014526
AST/BTC,1535304947498,2018-08-26T17:35:47.498Z,buy,1.615e-05,71.0,0.00114665
AST/BTC,1535304947498,2018-08-26T17:35:47.498Z,buy,1.617e-05,1162.0,0.01878954
AST/BTC,1535304947498,2018-08-26T17:35:47.498Z,buy,1.62e-05,243.0,0.0039366
AST/BTC,1535304949860,2018-08-26T17:35:49.860Z,buy,1.62e-05,678.0,0.010983600000000001
AST/BTC,1535304950863,2018-08-26T17:35:50.863Z,sell,1.606e-05,50.0,0.0008029999999999999
AST/BTC,1535304950863,2018-08-26T17:35:50.863Z,sell,1.606e-05,187.0,0.0030032199999999996
AST/BTC,1535304951538,2018-08-26T17:35:51.538Z,buy,1.62e-05,4731.0,0.07664220000000001
AST/BTC,1535304951833,2018-08-26T17:35:51.833Z,buy,1.62e-05,578.0,0.0093636
AST/BTC,1535304953612,2018-08-26T17:35:53.612Z,buy,1.62e-05,21.0,0.00034020000000000003
AST/BTC,1535304962854,2018-08-26T17:36:02.854Z,buy,1.62e-05,123.0,0.0019926
AST/BTC,1535304963940,2018-08-26T17:36:03.940Z,buy,1.62e-05,40.0,0.000648
AST/BTC,1535304963940,2018-08-26T17:36:03.940Z,buy,1.624e-05,211.0,0.00342664
AST/BTC,1535304964146,2018-08-26T17:36:04.146Z,sell,1.621e-05,63.0,0.00102123
AST/BTC,1535304964881,2018-08-26T17:36:04.881Z,buy,1.624e-05,157.0,0.00254968
AST/BTC,1535304965294,2018-08-26T17:36:05.294Z,buy,1.624e-05,56.0,0.0009094400000000001
AST/BTC,1535304966454,2018-08-26T17:36:06.454Z,buy,1.624e-05,408.0,0.00662592
AST/BTC,1535304966540,2018-08-26T17:36:06.540Z,buy,1.624e-05,3555.0,0.0577332
AST/BTC,1535304966558,2018-08-26T17:36:06.558Z,sell,1.624e-05,2059.0,0.03343816
AST/BTC,1535304966994,2018-08-26T17:36:06.994Z,sell,1.624e-05,1219.0,0.01979656
AST/BTC,1535304966994,2018-08-26T17:36:06.994Z,sell,1.62e-05,2320.0,0.037584
AST/BTC,1535304968421,2018-08-26T17:36:08.421Z,buy,1.62e-05,525.0,0.008505
AST/BTC,1535304968421,2018-08-26T17:36:08.421Z,buy,1.625e-05,9675.0,0.15721875
AST/BTC,1535304971904,2018-08-26T17:36:11.904Z,buy,1.624e-05,13.0,0.00021112
AST/BTC,1535304975316,2018-08-26T17:36:15.316Z,buy,1.624e-05,1426.0,0.02315824
AST/BTC,1535304975316,2018-08-26T17:36:15.316Z,buy,1.625e-05,81.0,0.00131625
AST/BTC,1535304979616,2018-08-26T17:36:19.616Z,sell,1.624e-05,574.0,0.00932176
AST/BTC,1535304980289,2018-08-26T17:36:20.289Z,buy,1.625e-05,5700.0,0.09262499999999999
AST/BTC,1535304980289,2018-08-26T17:36:20.289Z,buy,1.63e-05,8136.0,0.1326168
AST/BTC,1535304984226,2018-08-26T17:36:24.226Z,buy,1.628e-05,63.0,0.00102564
AST/BTC,1535304984226,2018-08-26T17:36:24.226Z,buy,1.63e-05,1089.0,0.0177507
AST/BTC,1535304985304,2018-08-26T17:36:25.304Z,sell,1.625e-05,175.0,0.00284375
AST/BTC,1535304985396,2018-08-26T17:36:25.396Z,sell,1.625e-05,22.0,0.00035749999999999996
AST/BTC,1535304987676,2018-08-26T17:36:27.676Z,buy,1.63e-05,769.0,0.0125347
AST/BTC,1535304988302,2018-08-26T17:36:28.302Z,buy,1.63e-05,526.0,0.0085738
AST/BTC,1535304988302,2018-08-26T17:36:28.302Z,buy,1.631e-05,89.0,0.0014515900000000002
AST/BTC,1535304988302,2018-08-26T17:36:28.302Z,buy,1.639e-05,497.0,0.00814583
AST/BTC,1535304988302,2018-08-26T17:36:28.302Z,buy,1.65e-05,2251.0,0.0371415
AST/BTC,1535304988385,2018-08-26T17:36:28.385Z,sell,1.63e-05,65.0,0.0010595
AST/BTC,1535304989051,2018-08-26T17:36:29.051Z,buy,1.641e-05,749.0,0.012291090000000001
AST/BTC,1535304989051,2018-08-26T17:36:29.051Z,buy,1.643e-05,157.0,0.00257951
AST/BTC,1535304989051,2018-08-26T17:36:29.051Z,buy,1.649e-05,3000.0,0.04947
AST/BTC,1535304989051,2018-08-26T17:36:29.051Z,buy,1.65e-05,1586.0,0.026169
AST/BTC,1535304991326,2018-08-26T17:36:31.326Z,sell,1.641e-05,5528.0,0.09071448
AST/BTC,1535304993732,2018-08-26T17:36:33.732Z,buy,1.648e-05,324.0,0.00533952
AST/BTC,1535304993732,2018-08-26T17:36:33.732Z,buy,1.65e-05,300.0,0.00495
AST/BTC,1535304993732,2018-08-26T17:36:33.732Z,buy,1.651e-05,1029.0,0.01698879
AST/BTC,1535304993732,2018-08-26T17:36:33.732Z,buy,1.66e-05,370.0,0.006142
AST/BTC,1535304993746,2018-08-26T17:36:33.746Z,sell,1.66e-05,1330.0,0.022078
AST/BTC,1535304996969,2018-08-26T17:36:36.969Z,sell,1.638e-05,95.0,0.0015561
AST/BTC,1535305004192,2018-08-26T17:36:44.192Z,sell,1.643e-05,688.0,0.01130384
AST/BTC,1535305004202,2018-08-26T17:36:44.202Z,sell,1.643e-05,664.0,0.01090952
AST/BTC,1535305004202,2018-08-26T17:36:44.202Z,sell,1.639e-05,104.0,0.0017045600000000001
AST/BTC,1535305004220,2018-08-26T17:36:44.220Z,sell,1.639e-05,688.0,0.011276320000000001
AST/BTC,1535305004411,2018-08-26T17:36:44.411Z,sell,1.64e-05,903.0,0.0148092
AST/BTC,1535305004411,2018-08-26T17:36:44.411Z,sell,1.639e-05,1097.0,0.017979830000000002
AST/BTC,1535305005192,2018-08-26T17:36:45.192Z,buy,1.642e-05,149.0,0.00244658
AST/BTC,1535305005192,2018-08-26T17:36:45.192Z,sell,1.639e-05,76.0,0.0012456400000000001
AST/BTC,1535305006326,2018-08-26T17:36:46.326Z,sell,1.64e-05,386.0,0.0063304
AST/BTC,1535305006402,2018-08-26T17:36:46.402Z,sell,1.639e-05,96.0,0.0015734400000000002
AST/BTC,1535305006559,2018-08-26T17:36:46.559Z,sell,1.639e-05,21.0,0.00034419
AST/BTC,1535305008311,2018-08-26T17:36:48.311Z,sell,1.639e-05,158.0,0.00258962
AST/BTC,1535305008908,2018-08-26T17:36:48.908Z,sell,1.639e-05,587.0,0.00962093
AST/BTC,1535305011266,2018-08-26T17:36:51.266Z,buy,1.641e-05,748.0,0.01227468
AST/BTC,1535305012096,2018-08-26T17:36:52.096Z,buy,1.641e-05,692.0,0.01135572
AST/BTC,1535305012096,2018-08-26T17:36:52.096Z,buy,1.642e-05,570.0,0.009359399999999999
AST/BTC,1535305012096,2018-08-26T17:36:52.096Z,buy,1.65e-05,150.0,0.002475
AST/BTC,1535305014768,2018-08-26T17:36:54.768Z,sell,1.651e-05,1747.0,0.02884297
AST/BTC,1535305014768,2018-08-26T17:36:54.768Z,sell,1.651e-05,424.0,0.00700024
AST/BTC,1535305014768,2018-08-26T17:36:54.768Z,sell,1.65e-05,818.0,0.013497
AST/BTC,1535305015494,2018-08-26T17:36:55.494Z,sell,1.65e-05,668.0,0.011022
AST/BTC,1535305015653,2018-08-26T17:36:55.653Z,sell,1.65e-05,1167.0,0.019255500000000002
AST/BTC,1535305015661,2018-08-26T17:36:55.661Z,sell,1.65e-05,81.0,0.0013365
AST/BTC,1535305015772,2018-08-26T17:36:55.772Z,sell,1.65e-05,516.0,0.008514
AST/BTC,1535305015772,2018-08-26T17:36:55.772Z,sell,1.65e-05,1248.0,0.020592000000000003
AST/BTC,1535305016650,2018-08-26T17:36:56.650Z,sell,1.65e-05,1248.0,0.020592000000000003
AST/BTC,1535305017072,2018-08-26T17:36:57.072Z,sell,1.65e-05,768.0,0.012672000000000001
AST/BTC,1535305018716,2018-08-26T17:36:58.716Z,sell,1.65e-05,1248.0,0.020592000000000003
AST/BTC,1535305019836,2018-08-26T17:36:59.836Z,sell,1.65e-05,45.0,0.0007425000000000001
AST/BTC,1535305020533,2018-08-26T17:37:00.533Z,sell,1.65e-05,2097.0,0.0346005
AST/BTC,1535305020897,2018-08-26T17:37:00.897Z,buy,1.657e-05,640.0,0.0106048
AST/BTC,1535305020917,2018-08-26T17:37:00.917Z,sell,1.657e-05,987.0,0.01635459
AST/BTC,1535305021423,2018-08-26T17:37:01.423Z,sell,1.657e-05,578.0,0.00957746
AST/BTC,1535305022022,2018-08-26T17:37:02.022Z,buy,1.658e-05,1479.0,0.02452182
AST/BTC,1535305022022,2018-08-26T17:37:02.022Z,buy,1.659e-05,2303.0,0.038206769999999994
AST/BTC,1535305022022,2018-08-26T17:37:02.022Z,buy,1.66e-05,2309.0,0.0383294
AST/BTC,1535305022022,2018-08-26T17:37:02.022Z,buy,1.661e-05,1231.0,0.02044691
AST/BTC,1535305022022,2018-08-26T17:37:02.022Z,buy,1.663e-05,102.0,0.0016962599999999998
AST/BTC,1535305022022,2018-08-26T17:37:02.022Z,buy,1.664e-05,76.0,0.00126464
AST/BTC,1535305022421,2018-08-26T17:37:02.421Z,sell,1.657e-05,174.0,0.00288318
AST/BTC,1535305022583,2018-08-26T17:37:02.583Z,sell,1.657e-05,168.0,0.0027837599999999997
AST/BTC,1535305026974,2018-08-26T17:37:06.974Z,buy,1.664e-05,199.0,0.00331136
AST/BTC,1535305026974,2018-08-26T17:37:06.974Z,buy,1.666e-05,66.0,0.00109956
AST/BTC,1535305027060,2018-08-26T17:37:07.060Z,sell,1.666e-05,450.0,0.007497
AST/BTC,1535305027060,2018-08-26T17:37:07.060Z,sell,1.666e-05,510.0,0.0084966
AST/BTC,1535305027075,2018-08-26T17:37:07.075Z,sell,1.666e-05,319.0,0.0053145399999999995
AST/BTC,1535305027122,2018-08-26T17:37:07.122Z,sell,1.666e-05,915.0,0.0152439
AST/BTC,1535305027126,2018-08-26T17:37:07.126Z,sell,1.666e-05,450.0,0.007497
AST/BTC,1535305027170,2018-08-26T17:37:07.170Z,sell,1.666e-05,149.0,0.00248234
AST/BTC,1535305028167,2018-08-26T17:37:08.167Z,sell,1.666e-05,32.0,0.00053312
AST/BTC,1535305029684,2018-08-26T17:37:09.684Z,buy,1.667e-05,1002.0,0.01670334
AST/BTC,1535305034468,2018-08-26T17:37:14.468Z,sell,1.666e-05,37.0,0.00061642
AST/BTC,1535305035647,2018-08-26T17:37:15.647Z,buy,1.667e-05,149.0,0.0024838300000000002
AST/BTC,1535305036711,2018-08-26T17:37:16.711Z,buy,1.667e-05,2875.0,0.047926250000000004
AST/BTC,1535305037496,2018-08-26T17:37:17.496Z,buy,1.667e-05,11252.0,0.18757084000000002
AST/BTC,1535305038142,2018-08-26T17:37:18.142Z,buy,1.669e-05,2419.0,0.040373110000000004
AST/BTC,1535305038142,2018-08-26T17:37:18.142Z,buy,1.67e-05,97.0,0.0016198999999999999
AST/BTC,1535305038378,2018-08-26T17:37:18.378Z,sell,1.671e-05,1000.0,0.016710000000000003
AST/BTC,1535305038447,2018-08-26T17:37:18.447Z,sell,1.671e-05,1038.0,0.01734498
AST/BTC,1535305038547,2018-08-26T17:37:18.547Z,sell,1.671e-05,446.0,0.007452660000000001
AST/BTC,1535305038734,2018-08-26T17:37:18.734Z,sell,1.668e-05,663.0,0.01105884
AST/BTC,1535305038872,2018-08-26T17:37:18.872Z,sell,1.668e-05,678.0,0.01130904
AST/BTC,1535305039609,2018-08-26T17:37:19.609Z,sell,1.668e-05,1100.0,0.018348
AST/BTC,1535305041763,2018-08-26T17:37:21.763Z,buy,1.672e-05,120.0,0.0020063999999999998
AST/BTC,1535305041763,2018-08-26T17:37:21.763Z,buy,1.676e-05,326.0,0.00546376
AST/BTC,1535305047019,2018-08-26T17:37:27.019Z,buy,1.676e-05,96.0,0.00160896
AST/BTC,1535305048013,2018-08-26T17:37:28.013Z,buy,1.677e-05,1151.0,0.01930227
AST/BTC,1535305049203,2018-08-26T17:37:29.203Z,sell,1.677e-05,256.0,0.00429312
AST/BTC,1535305049309,2018-08-26T17:37:29.309Z,sell,1.677e-05,560.0,0.0093912
AST/BTC,1535305049806,2018-08-26T17:37:29.806Z,sell,1.672e-05,285.0,0.0047652
AST/BTC,1535305049968,2018-08-26T17:37:29.968Z,sell,1.672e-05,239.0,0.00399608
AST/BTC,1535305050402,2018-08-26T17:37:30.402Z,sell,1.672e-05,176.0,0.00294272
AST/BTC,1535305050624,2018-08-26T17:37:30.624Z,sell,1.672e-05,200.0,0.0033439999999999998
AST/BTC,1535305052136,2018-08-26T17:37:32.136Z,sell,1.672e-05,408.0,0.00682176
AST/BTC,1535305052861,2018-08-26T17:37:32.861Z,sell,1.672e-05,828.0,0.01384416
AST/BTC,1535305052861,2018-08-26T17:37:32.861Z,sell,1.671e-05,328.0,0.0054808800000000005
AST/BTC,1535305052861,2018-08-26T17:37:32.861Z,sell,1.667e-05,718.0,0.01196906
AST/BTC,1535305053030,2018-08-26T17:37:33.030Z,sell,1.667e-05,439.0,0.007318130000000001
AST/BTC,1535305053030,2018-08-26T17:37:33.030Z,sell,1.666e-05,339.0,0.00564774
AST/BTC,1535305053489,2018-08-26T17:37:33.489Z,buy,1.682e-05,1068.0,0.017963760000000002
AST/BTC,1535305053489,2018-08-26T17:37:33.489Z,buy,1.683e-05,3396.0,0.05715468
AST/BTC,1535305054157,2018-08-26T17:37:34.157Z,buy,1.681e-05,107.0,0.00179867
AST/BTC,1535305054306,2018-08-26T17:37:34.306Z,buy,1.681e-05,153.0,0.00257193
AST/BTC,1535305054322,2018-08-26T17:37:34.322Z,buy,1.681e-05,1068.0,0.01795308
AST/BTC,1535305054432,2018-08-26T17:37:34.432Z,buy,1.681e-05,316.0,0.00531196
AST/BTC,1535305054432,2018-08-26T17:37:34.432Z,buy,1.683e-05,1068.0,0.01797444
AST/BTC,1535305054432,2018-08-26T17:37:34.432Z,buy,1.689e-05,184.0,0.0031077599999999998
AST/BTC,1535305054432,2018-08-26T17:37:34.432Z,buy,1.69e-05,568.0,0.0095992
AST/BTC,1535305054432,2018-08-26T17:37:34.432Z,buy,1.696e-05,2441.0,0.04139936
AST/BTC,1535305054432,2018-08-26T17:37:34.432Z,buy,1.697e-05,250.0,0.0042425
AST/BTC,1535305054432,2018-08-26T17:37:34.432Z,buy,1.699e-05,998.0,0.016956020000000002
AST/BTC,1535305056083,2018-08-26T17:37:36.083Z,sell,1.669e-05,552.0,0.009212880000000001
AST/BTC,1535305056211,2018-08-26T17:37:36.211Z,sell,1.676e-05,900.0,0.015083999999999998
AST/BTC,1535305057017,2018-08-26T17:37:37.017Z,buy,1.682e-05,289.0,0.004860980000000001
AST/BTC,1535305057236,2018-08-26T17:37:37.236Z,sell,1.677e-05,66.0,0.0011068200000000001
AST/BTC,1535305058062,2018-08-26T17:37:38.062Z,sell,1.677e-05,66.0,0.0011068200000000001
AST/BTC,1535305058130,2018-08-26T17:37:38.130Z,sell,1.689e-05,66.0,0.00111474
AST/BTC,1535305058134,2018-08-26T17:37:38.134Z,sell,1.689e-05,1580.0,0.0266862
AST/BTC,1535305058150,2018-08-26T17:37:38.150Z,sell,1.677e-05,66.0,0.0011068200000000001
AST/BTC,1535305059219,2018-08-26T17:37:39.219Z,sell,1.677e-05,1139.0,0.01910103
AST/BTC,1535305059281,2018-08-26T17:37:39.281Z,sell,1.677e-05,66.0,0.0011068200000000001
AST/BTC,1535305059400,2018-08-26T17:37:39.400Z,buy,1.686e-05,78.0,0.0013150800000000002
AST/BTC,1535305059423,2018-08-26T17:37:39.423Z,sell,1.678e-05,503.0,0.00844034
AST/BTC,1535305059423,2018-08-26T17:37:39.423Z,sell,1.678e-05,70.0,0.0011745999999999998
AST/BTC,1535305059493,2018-08-26T17:37:39.493Z,sell,1.677e-05,266.0,0.00446082
AST/BTC,1535305060024,2018-08-26T17:37:40.024Z,buy,1.677e-05,286.0,0.00479622
AST/BTC,1535305060412,2018-08-26T17:37:40.412Z,sell,1.676e-05,3133.0,0.05250907999999999
AST/BTC,1535305060412,2018-08-26T17:37:40.412Z,sell,1.671e-05,112.0,0.0018715200000000002
AST/BTC,1535305060814,2018-08-26T17:37:40.814Z,sell,1.667e-05,249.0,0.00415083
AST/BTC,1535305060814,2018-08-26T17:37:40.814Z,sell,1.662e-05,837.0,0.01391094
AST/BTC,1535305060814,2018-08-26T17:37:40.814Z,sell,1.66e-05,844.0,0.014010400000000001
AST/BTC,1535305060814,2018-08-26T17:37:40.814Z,sell,1.657e-05,168.0,0.0027837599999999997
AST/BTC,1535305061168,2018-08-26T17:37:41.168Z,buy,1.671e-05,1754.0,0.029309340000000003
AST/BTC,1535305063734,2018-08-26T17:37:43.734Z,sell,1.661e-05,55.0,0.00091355
AST/BTC,1535305063810,2018-08-26T17:37:43.810Z,sell,1.661e-05,424.0,0.007042639999999999
AST/BTC,1535305066084,2018-08-26T17:37:46.084Z,sell,1.662e-05,150.0,0.002493
AST/BTC,1535305066097,2018-08-26T17:37:46.097Z,buy,1.662e-05,360.0,0.0059832
AST/BTC,1535305066097,2018-08-26T17:37:46.097Z,buy,1.671e-05,2188.0,0.03656148
AST/BTC,1535305066200,2018-08-26T17:37:46.200Z,sell,1.657e-05,95.0,0.0015741499999999999
AST/BTC,1535305066245,2018-08-26T17:37:46.245Z,sell,1.657e-05,128.0,0.00212096
AST/BTC,1535305066495,2018-08-26T17:37:46.495Z,buy,1.671e-05,127.0,0.00212217
AST/BTC,1535305066744,2018-08-26T17:37:46.744Z,buy,1.67e-05,182.0,0.0030394
AST/BTC,1535305067268,2018-08-26T17:37:47.268Z,sell,1.661e-05,93.0,0.0015447299999999998
AST/BTC,1535305067268,2018-08-26T17:37:47.268Z,sell,1.649e-05,14.0,0.00023086
AST/BTC,1535305067379,2018-08-26T17:37:47.379Z,buy,1.67e-05,126.0,0.0021042
AST/BTC,1535305068414,2018-08-26T17:37:48.414Z,buy,1.651e-05,200.0,0.003302
AST/BTC,1535305070503,2018-08-26T17:37:50.503Z,buy,1.66e-05,345.0,0.005727
AST/BTC,1535305071522,2018-08-26T17:37:51.522Z,buy,1.66e-05,120.0,0.001992
AST/BTC,1535305073662,2018-08-26T17:37:53.662Z,sell,1.653e-05,604.0,0.009984119999999999
AST/BTC,1535305073662,2018-08-26T17:37:53.662Z,sell,1.651e-05,188.0,0.00310388
AST/BTC,1535305075393,2018-08-26T17:37:55.393Z,sell,1.653e-05,5528.0,0.09137784
AST/BTC,1535305075758,2018-08-26T17:37:55.758Z,sell,1.653e-05,150.0,0.0024795
AST/BTC,1535305076869,2018-08-26T17:37:56.869Z,sell,1.653e-05,62.0,0.00102486
AST/BTC,1535305077155,2018-08-26T17:37:57.155Z,buy,1.657e-05,573.0,0.009494609999999999
AST/BTC,1535305077155,2018-08-26T17:37:57.155Z,buy,1.658e-05,604.0,0.01001432
AST/BTC,1535305077155,2018-08-26T17:37:57.155Z,buy,1.659e-05,288.0,0.00477792
AST/BTC,1535305077155,2018-08-26T17:37:57.155Z,buy,1.66e-05,1466.0,0.0243356
AST/BTC,1535305077494,2018-08-26T17:37:57.494Z,buy,1.66e-05,389.0,0.0064574
AST/BTC,1535305080518,2018-08-26T17:38:00.518Z,sell,1.66e-05,1199.0,0.0199034
AST/BTC,1535305081297,2018-08-26T17:38:01.297Z,sell,1.661e-05,61.0,0.0010132099999999998
AST/BTC,1535305081297,2018-08-26T17:38:01.297Z,sell,1.66e-05,458.0,0.0076028
AST/BTC,1535305081366,2018-08-26T17:38:01.366Z,buy,1.67e-05,868.0,0.014495599999999999
AST/BTC,1535305081366,2018-08-26T17:38:01.366Z,buy,1.671e-05,1880.0,0.0314148
AST/BTC,1535305081366,2018-08-26T17:38:01.366Z,buy,1.682e-05,248.0,0.004171360000000001
AST/BTC,1535305081366,2018-08-26T17:38:01.366Z,buy,1.686e-05,3214.0,0.05418804000000001
AST/BTC,1535305081366,2018-08-26T17:38:01.366Z,buy,1.689e-05,249.0,0.004205609999999999
AST/BTC,1535305081366,2018-08-26T17:38:01.366Z,buy,1.694e-05,250.0,0.004235
AST/BTC,1535305081366,2018-08-26T17:38:01.366Z,buy,1.695e-05,974.0,0.016509299999999998
AST/BTC,1535305081771,2018-08-26T17:38:01.771Z,sell,1.663e-05,1300.0,0.021619
AST/BTC,1535305081771,2018-08-26T17:38:01.771Z,sell,1.662e-05,466.0,0.00774492
AST/BTC,1535305083104,2018-08-26T17:38:03.104Z,sell,1.663e-05,336.0,0.005587679999999999
AST/BTC,1535305083282,2018-08-26T17:38:03.282Z,sell,1.663e-05,481.0,0.007999029999999999
AST/BTC,1535305084133,2018-08-26T17:38:04.133Z,sell,1.664e-05,577.0,0.00960128
AST/BTC,1535305084133,2018-08-26T17:38:04.133Z,sell,1.663e-05,501.0,0.00833163
AST/BTC,1535305084484,2018-08-26T17:38:04.484Z,sell,1.663e-05,34.0,0.00056542
AST/BTC,1535305084484,2018-08-26T17:38:04.484Z,sell,1.662e-05,602.0,0.01000524
AST/BTC,1535305084806,2018-08-26T17:38:04.806Z,buy,1.662e-05,833.0,0.01384446
AST/BTC,1535305086549,2018-08-26T17:38:06.549Z,sell,1.661e-05,1314.0,0.021825539999999997
AST/BTC,1535305086572,2018-08-26T17:38:06.572Z,sell,1.661e-05,136.0,0.00225896
AST/BTC,1535305086572,2018-08-26T17:38:06.572Z,sell,1.66e-05,345.0,0.005727
AST/BTC,1535305087676,2018-08-26T17:38:07.676Z,sell,1.66e-05,594.0,0.0098604
AST/BTC,1535305091154,2018-08-26T17:38:11.154Z,sell,1.66e-05,577.0,0.0095782
AST/BTC,1535305095123,2018-08-26T17:38:15.123Z,sell,1.66e-05,1021.0,0.0169486
AST/BTC,1535305096213,2018-08-26T17:38:16.213Z,sell,1.66e-05,258.0,0.0042828
AST/BTC,1535305096552,2018-08-26T17:38:16.552Z,buy,1.66e-05,241.0,0.0040006
AST/BTC,1535305096552,2018-08-26T17:38:16.552Z,buy,1.662e-05,213.0,0.00354006
AST/BTC,1535305097517,2018-08-26T17:38:17.517Z,sell,1.659e-05,180.0,0.0029861999999999996
AST/BTC,1535305101613,2018-08-26T17:38:21.613Z,buy,1.659e-05,638.0,0.010584419999999999
AST/BTC,1535305108705,2018-08-26T17:38:28.705Z,buy,1.659e-05,483.0,0.00801297
AST/BTC,1535305108705,2018-08-26T17:38:28.705Z,buy,1.66e-05,91.0,0.0015106
AST/BTC,1535305110996,2018-08-26T17:38:30.996Z,sell,1.659e-05,436.0,0.007233239999999999
AST/BTC,1535305111253,2018-08-26T17:38:31.253Z,buy,1.66e-05,481.0,0.0079846
AST/BTC,1535305113728,2018-08-26T17:38:33.728Z,sell,1.657e-05,440.0,0.007290799999999999
AST/BTC,1535305114567,2018-08-26T17:38:34.567Z,sell,1.653e-05,5396.0,0.08919587999999999
AST/BTC,1535305114567,2018-08-26T17:38:34.567Z,sell,1.652e-05,2104.0,0.034758080000000004
AST/BTC,1535305115693,2018-08-26T17:38:35.693Z,sell,1.652e-05,4286.0,0.07080472
AST/BTC,1535305115693,2018-08-26T17:38:35.693Z,sell,1.651e-05,3224.0,0.053228239999999996
AST/BTC,1535305115716,2018-08-26T17:38:35.716Z,buy,1.651e-05,1086.0,0.01792986
AST/BTC,1535305115730,2018-08-26T17:38:35.730Z,buy,1.651e-05,904.0,0.014925039999999999
AST/BTC,1535305118202,2018-08-26T17:38:38.202Z,sell,1.65e-05,846.0,0.013959000000000001
AST/BTC,1535305122300,2018-08-26T17:38:42.300Z,sell,1.646e-05,61.0,0.0010040600000000002
AST/BTC,1535305122300,2018-08-26T17:38:42.300Z,sell,1.643e-05,195.0,0.00320385
AST/BTC,1535305122314,2018-08-26T17:38:42.314Z,sell,1.643e-05,554.0,0.00910222
AST/BTC,1535305122386,2018-08-26T17:38:42.386Z,sell,1.638e-05,77.0,0.00126126
AST/BTC,1535305122854,2018-08-26T17:38:42.854Z,buy,1.647e-05,104.0,0.00171288
AST/BTC,1535305123177,2018-08-26T17:38:43.177Z,buy,1.647e-05,45.0,0.00074115
AST/BTC,1535305123177,2018-08-26T17:38:43.177Z,buy,1.648e-05,55.0,0.0009064000000000001
AST/BTC,1535305123842,2018-08-26T17:38:43.842Z,buy,1.648e-05,200.0,0.0032960000000000003
AST/BTC,1535305123861,2018-08-26T17:38:43.861Z,buy,1.648e-05,56.0,0.0009228800000000001
AST/BTC,1535305123861,2018-08-26T17:38:43.861Z,buy,1.65e-05,123.0,0.0020295
AST/BTC,1535305123895,2018-08-26T17:38:43.895Z,sell,1.638e-05,40.0,0.0006552
AST/BTC,1535305123895,2018-08-26T17:38:43.895Z,sell,1.627e-05,552.0,0.00898104
AST/BTC,1535305123895,2018-08-26T17:38:43.895Z,sell,1.626e-05,397.0,0.00645522
AST/BTC,1535305123895,2018-08-26T17:38:43.895Z,sell,1.625e-05,194.0,0.0031525
AST/BTC,1535305123895,2018-08-26T17:38:43.895Z,sell,1.621e-05,1112.0,0.01802552
AST/BTC,1535305123895,2018-08-26T17:38:43.895Z,sell,1.618e-05,605.0,0.009788900000000001
AST/BTC,1535305123895,2018-08-26T17:38:43.895Z,sell,1.615e-05,457.0,0.00738055
AST/BTC,1535305123895,2018-08-26T17:38:43.895Z,sell,1.614e-05,2135.0,0.0344589
AST/BTC,1535305124099,2018-08-26T17:38:44.099Z,sell,1.649e-05,100.0,0.0016489999999999999
AST/BTC,1535305124860,2018-08-26T17:38:44.860Z,buy,1.633e-05,552.0,0.00901416
AST/BTC,1535305124860,2018-08-26T17:38:44.860Z,buy,1.634e-05,264.0,0.00431376
AST/BTC,1535305124860,2018-08-26T17:38:44.860Z,buy,1.64e-05,255.0,0.004182
AST/BTC,1535305124961,2018-08-26T17:38:44.961Z,sell,1.615e-05,832.0,0.013436799999999999
AST/BTC,1535305124980,2018-08-26T17:38:44.980Z,buy,1.637e-05,122.0,0.00199714
AST/BTC,1535305124980,2018-08-26T17:38:44.980Z,buy,1.64e-05,265.0,0.004346
AST/BTC,1535305124980,2018-08-26T17:38:44.980Z,buy,1.643e-05,194.0,0.00318742
AST/BTC,1535305125007,2018-08-26T17:38:45.007Z,sell,1.643e-05,397.0,0.00652271
AST/BTC,1535305125007,2018-08-26T17:38:45.007Z,sell,1.615e-05,69.0,0.00111435
AST/BTC,1535305125635,2018-08-26T17:38:45.635Z,buy,1.622e-05,367.0,0.005952740000000001
AST/BTC,1535305125635,2018-08-26T17:38:45.635Z,buy,1.628e-05,98.0,0.00159544
AST/BTC,1535305125858,2018-08-26T17:38:45.858Z,buy,1.639e-05,292.0,0.00478588
AST/BTC,1535305125915,2018-08-26T17:38:45.915Z,buy,1.638e-05,881.0,0.014430779999999999
AST/BTC,1535305125979,2018-08-26T17:38:45.979Z,buy,1.638e-05,5.0,8.19e-05
AST/BTC,1535305125979,2018-08-26T17:38:45.979Z,buy,1.639e-05,309.0,0.00506451
AST/BTC,1535305125979,2018-08-26T17:38:45.979Z,buy,1.64e-05,104.0,0.0017055999999999998
AST/BTC,1535305126869,2018-08-26T17:38:46.869Z,buy,1.639e-05,679.0,0.011128810000000001
AST/BTC,1535305126869,2018-08-26T17:38:46.869Z,buy,1.639e-05,158.0,0.00258962
AST/BTC,1535305126869,2018-08-26T17:38:46.869Z,buy,1.64e-05,51.0,0.0008364
AST/BTC,1535305127869,2018-08-26T17:38:47.869Z,buy,1.64e-05,660.0,0.010823999999999999
AST/BTC,1535305128093,2018-08-26T17:38:48.093Z,buy,1.64e-05,283.0,0.0046412
AST/BTC,1535305128093,2018-08-26T17:38:48.093Z,buy,1.643e-05,135.0,0.00221805
AST/BTC,1535305134111,2018-08-26T17:38:54.111Z,sell,1.622e-05,2834.0,0.045967480000000005
AST/BTC,1535305134111,2018-08-26T17:38:54.111Z,sell,1.621e-05,962.0,0.015594019999999998
AST/BTC,1535305136081,2018-08-26T17:38:56.081Z,sell,1.621e-05,608.0,0.009855679999999999
AST/BTC,1535305137053,2018-08-26T17:38:57.053Z,sell,1.621e-05,3013.0,0.04884073
AST/BTC,1535305137817,2018-08-26T17:38:57.817Z,sell,1.621e-05,6030.0,0.0977463
AST/BTC,1535305137926,2018-08-26T17:38:57.926Z,buy,1.62e-05,93.0,0.0015066
AST/BTC,1535305138882,2018-08-26T17:38:58.882Z,buy,1.62e-05,595.0,0.009639
AST/BTC,1535305138918,2018-08-26T17:38:58.918Z,buy,1.62e-05,230.0,0.003726
AST/BTC,1535305139781,2018-08-26T17:38:59.781Z,buy,1.618e-05,481.0,0.007782580000000001
AST/BTC,1535305140057,2018-08-26T17:39:00.057Z,buy,1.62e-05,26.0,0.00042120000000000005
AST/BTC,1535305140593,2018-08-26T17:39:00.593Z,buy,1.621e-05,56.0,0.00090776
AST/BTC,1535305140636,2018-08-26T17:39:00.636Z,buy,1.622e-05,87.0,0.00141114
AST/BTC,1535305141631,2018-08-26T17:39:01.631Z,buy,1.627e-05,140.0,0.0022778
AST/BTC,1535305142290,2018-08-26T17:39:02.290Z,sell,1.622e-05,93.0,0.00150846
AST/BTC,1535305143162,2018-08-26T17:39:03.162Z,buy,1.625e-05,62.0,0.0010075
AST/BTC,1535305144429,2018-08-26T17:39:04.429Z,buy,1.625e-05,305.0,0.00495625
AST/BTC,1535305153468,2018-08-26T17:39:13.468Z,sell,1.625e-05,543.0,0.00882375
AST/BTC,1535305161848,2018-08-26T17:39:21.848Z,buy,1.625e-05,1837.0,0.029851249999999996
AST/BTC,1535305190374,2018-08-26T17:39:50.374Z,sell,1.62e-05,549.0,0.0088938
AST/BTC,1535305196262,2018-08-26T17:39:56.262Z,sell,1.613e-05,62.0,0.0010000599999999999
AST/BTC,1535305196262,2018-08-26T17:39:56.262Z,sell,1.611e-05,243.0,0.00391473
AST/BTC,1535305200970,2018-08-26T17:40:00.970Z,sell,1.611e-05,147.0,0.00236817
AST/BTC,1535305201620,2018-08-26T17:40:01.620Z,buy,1.611e-05,98.0,0.00157878
AST/BTC,1535305201620,2018-08-26T17:40:01.620Z,buy,1.613e-05,2834.0,0.04571242
AST/BTC,1535305204526,2018-08-26T17:40:04.526Z,sell,1.614e-05,152.0,0.0024532800000000004
AST/BTC,1535305204910,2018-08-26T17:40:04.910Z,buy,1.618e-05,140.0,0.0022652
AST/BTC,1535305204910,2018-08-26T17:40:04.910Z,buy,1.619e-05,690.0,0.0111711
AST/BTC,1535305207441,2018-08-26T17:40:07.441Z,buy,1.619e-05,2755.0,0.044603449999999996
AST/BTC,1535305207724,2018-08-26T17:40:07.724Z,buy,1.62e-05,31.0,0.0005022000000000001
AST/BTC,1535305209476,2018-08-26T17:40:09.476Z,buy,1.622e-05,467.0,0.00757474
AST/BTC,1535305210428,2018-08-26T17:40:10.428Z,buy,1.624e-05,478.0,0.00776272
AST/BTC,1535305210718,2018-08-26T17:40:10.718Z,buy,1.626e-05,93.0,0.0015121800000000001
AST/BTC,1535305211246,2018-08-26T17:40:11.246Z,sell,1.625e-05,2461.0,0.03999125
AST/BTC,1535305213654,2018-08-26T17:40:13.654Z,buy,1.629e-05,614.0,0.01000206
AST/BTC,1535305213654,2018-08-26T17:40:13.654Z,buy,1.629e-05,614.0,0.01000206
AST/BTC,1535305213654,2018-08-26T17:40:13.654Z,buy,1.63e-05,118.0,0.0019234
AST/BTC,1535305215604,2018-08-26T17:40:15.604Z,sell,1.632e-05,757.0,0.012354239999999999
AST/BTC,1535305216087,2018-08-26T17:40:16.087Z,sell,1.631e-05,196.0,0.0031967600000000003
AST/BTC,1535305216444,2018-08-26T17:40:16.444Z,buy,1.632e-05,330.0,0.0053856
AST/BTC,1535305219777,2018-08-26T17:40:19.777Z,buy,1.629e-05,1219.0,0.019857510000000002
AST/BTC,1535305220733,2018-08-26T17:40:20.733Z,sell,1.627e-05,93.0,0.0015131099999999998
AST/BTC,1535305221037,2018-08-26T17:40:21.037Z,sell,1.627e-05,829.0,0.01348783
AST/BTC,1535305221431,2018-08-26T17:40:21.431Z,buy,1.629e-05,1462.0,0.023815980000000004
AST/BTC,1535305222296,2018-08-26T17:40:22.296Z,buy,1.632e-05,325.0,0.005304
AST/BTC,1535305222447,2018-08-26T17:40:22.447Z,buy,1.647e-05,300.0,0.004941
AST/BTC,1535305224725,2018-08-26T17:40:24.725Z,sell,1.632e-05,208.0,0.00339456
AST/BTC,1535305224725,2018-08-26T17:40:24.725Z,sell,1.629e-05,50.0,0.0008145000000000001
AST/BTC,1535305225230,2018-08-26T17:40:25.230Z,buy,1.647e-05,276.0,0.00454572
AST/BTC,1535305225230,2018-08-26T17:40:25.230Z,buy,1.648e-05,1073.0,0.01768304
AST/BTC,1535305225230,2018-08-26T17:40:25.230Z,buy,1.65e-05,6314.0,0.10418100000000001
AST/BTC,1535305225286,2018-08-26T17:40:25.286Z,sell,1.65e-05,208.0,0.003432
AST/BTC,1535305227111,2018-08-26T17:40:27.111Z,sell,1.651e-05,64.0,0.00105664
AST/BTC,1535305227111,2018-08-26T17:40:27.111Z,sell,1.65e-05,182.0,0.003003
AST/BTC,1535305228107,2018-08-26T17:40:28.107Z,sell,1.65e-05,44.0,0.0007260000000000001
AST/BTC,1535305228386,2018-08-26T17:40:28.386Z,sell,1.65e-05,63.0,0.0010395
AST/BTC,1535305230116,2018-08-26T17:40:30.116Z,buy,1.66e-05,578.0,0.0095948
AST/BTC,1535305230997,2018-08-26T17:40:30.997Z,buy,1.66e-05,66.0,0.0010956
AST/BTC,1535305231605,2018-08-26T17:40:31.605Z,sell,1.651e-05,519.0,0.00856869
AST/BTC,1535305231605,2018-08-26T17:40:31.605Z,sell,1.65e-05,5320.0,0.08778000000000001
AST/BTC,1535305231762,2018-08-26T17:40:31.762Z,buy,1.66e-05,78.0,0.0012948
AST/BTC,1535305231762,2018-08-26T17:40:31.762Z,buy,1.661e-05,1960.0,0.0325556
AST/BTC,1535305232783,2018-08-26T17:40:32.783Z,buy,1.66e-05,66.0,0.0010956
AST/BTC,1535305234246,2018-08-26T17:40:34.246Z,buy,1.66e-05,66.0,0.0010956
AST/BTC,1535305236055,2018-08-26T17:40:36.055Z,sell,1.652e-05,132.0,0.00218064
AST/BTC,1535305236726,2018-08-26T17:40:36.726Z,buy,1.652e-05,67.0,0.00110684
AST/BTC,1535305237866,2018-08-26T17:40:37.866Z,buy,1.652e-05,67.0,0.00110684
AST/BTC,1535305238522,2018-08-26T17:40:38.522Z,buy,1.652e-05,124.0,0.00204848
AST/BTC,1535305238992,2018-08-26T17:40:38.992Z,sell,1.651e-05,569.0,0.00939419
AST/BTC,1535305239087,2018-08-26T17:40:39.087Z,sell,1.651e-05,323.0,0.00533273
AST/BTC,1535305240105,2018-08-26T17:40:40.105Z,sell,1.65e-05,446.0,0.007359000000000001
AST/BTC,1535305246924,2018-08-26T17:40:46.924Z,sell,1.65e-05,598.0,0.009867
AST/BTC,1535305247246,2018-08-26T17:40:47.246Z,sell,1.65e-05,1344.0,0.022176
AST/BTC,1535305250482,2018-08-26T17:40:50.482Z,buy,1.651e-05,123.0,0.00203073
AST/BTC,1535305250482,2018-08-26T17:40:50.482Z,buy,1.652e-05,1474.0,0.02435048
AST/BTC,1535305250482,2018-08-26T17:40:50.482Z,buy,1.661e-05,578.0,0.00960058
AST/BTC,1535305250482,2018-08-26T17:40:50.482Z,buy,1.662e-05,572.0,0.00950664
AST/BTC,1535305250482,2018-08-26T17:40:50.482Z,buy,1.666e-05,61.0,0.00101626
AST/BTC,1535305250482,2018-08-26T17:40:50.482Z,buy,1.67e-05,599.0,0.0100033
AST/BTC,1535305250482,2018-08-26T17:40:50.482Z,buy,1.676e-05,100.0,0.001676
AST/BTC,1535305250482,2018-08-26T17:40:50.482Z,buy,1.688e-05,993.0,0.01676184
AST/BTC,1535305250497,2018-08-26T17:40:50.497Z,sell,1.676e-05,3681.0,0.061693559999999995
AST/BTC,1535305250519,2018-08-26T17:40:50.519Z,buy,1.665e-05,105.0,0.0017482500000000002
AST/BTC,1535305250991,2018-08-26T17:40:50.991Z,buy,1.665e-05,299.0,0.00497835
AST/BTC,1535305250991,2018-08-26T17:40:50.991Z,buy,1.687e-05,1.0,1.687e-05
AST/BTC,1535305251380,2018-08-26T17:40:51.380Z,sell,1.652e-05,452.0,0.00746704
AST/BTC,1535305251380,2018-08-26T17:40:51.380Z,sell,1.651e-05,704.0,0.01162304
AST/BTC,1535305258519,2018-08-26T17:40:58.519Z,sell,1.659e-05,545.0,0.009041549999999999
AST/BTC,1535305259143,2018-08-26T17:40:59.143Z,sell,1.659e-05,300.0,0.004977
AST/BTC,1535305259282,2018-08-26T17:40:59.282Z,sell,1.659e-05,80.0,0.0013272
AST/BTC,1535305259282,2018-08-26T17:40:59.282Z,sell,1.658e-05,289.0,0.00479162
AST/BTC,1535305259327,2018-08-26T17:40:59.327Z,sell,1.658e-05,293.0,0.00485794
AST/BTC,1535305259327,2018-08-26T17:40:59.327Z,sell,1.657e-05,25.0,0.00041424999999999996
AST/BTC,1535305265059,2018-08-26T17:41:05.059Z,buy,1.668e-05,61.0,0.00101748
AST/BTC,1535305267991,2018-08-26T17:41:07.991Z,buy,1.666e-05,108.0,0.0017992799999999999
AST/BTC,1535305270964,2018-08-26T17:41:10.964Z,buy,1.664e-05,242.0,0.00402688
AST/BTC,1535305272899,2018-08-26T17:41:12.899Z,sell,1.657e-05,20.0,0.0003314
AST/BTC,1535305274371,2018-08-26T17:41:14.371Z,buy,1.661e-05,201.0,0.0033386099999999997
AST/BTC,1535305274371,2018-08-26T17:41:14.371Z,buy,1.662e-05,442.0,0.00734604
AST/BTC,1535305274538,2018-08-26T17:41:14.538Z,sell,1.663e-05,72.0,0.00119736
AST/BTC,1535305275414,2018-08-26T17:41:15.414Z,sell,1.663e-05,152.0,0.0025277599999999996
AST/BTC,1535305283995,2018-08-26T17:41:23.995Z,sell,1.663e-05,71.0,0.0011807299999999998
AST/BTC,1535305289209,2018-08-26T17:41:29.209Z,buy,1.663e-05,61.0,0.00101443
AST/BTC,1535305289209,2018-08-26T17:41:29.209Z,buy,1.669e-05,509.0,0.008495210000000001
AST/BTC,1535305294137,2018-08-26T17:41:34.137Z,sell,1.664e-05,984.0,0.01637376
AST/BTC,1535305294137,2018-08-26T17:41:34.137Z,sell,1.663e-05,234.0,0.0038914199999999996
AST/BTC,1535305295320,2018-08-26T17:41:35.320Z,buy,1.669e-05,57.0,0.00095133
AST/BTC,1535305295320,2018-08-26T17:41:35.320Z,buy,1.67e-05,392.0,0.0065464
AST/BTC,1535305300166,2018-08-26T17:41:40.166Z,sell,1.669e-05,73.0,0.00121837
AST/BTC,1535305301923,2018-08-26T17:41:41.923Z,sell,1.669e-05,34.0,0.00056746
AST/BTC,1535305304475,2018-08-26T17:41:44.475Z,buy,1.67e-05,688.0,0.011489599999999999
AST/BTC,1535305304964,2018-08-26T17:41:44.964Z,buy,1.67e-05,2957.0,0.0493819
AST/BTC,1535305311310,2018-08-26T17:41:51.310Z,sell,1.672e-05,586.0,0.00979792
AST/BTC,1535305313725,2018-08-26T17:41:53.725Z,sell,1.671e-05,1803.0,0.030128130000000003
AST/BTC,1535305315669,2018-08-26T17:41:55.669Z,buy,1.675e-05,61.0,0.00102175
AST/BTC,1535305315669,2018-08-26T17:41:55.669Z,buy,1.686e-05,683.0,0.01151538
AST/BTC,1535305315707,2018-08-26T17:41:55.707Z,sell,1.686e-05,55.0,0.0009273
AST/BTC,1535305319340,2018-08-26T17:41:59.340Z,buy,1.688e-05,353.0,0.00595864
AST/BTC,1535305319694,2018-08-26T17:41:59.694Z,sell,1.673e-05,61.0,0.00102053
AST/BTC,1535305319766,2018-08-26T17:41:59.766Z,buy,1.688e-05,789.0,0.013318320000000002
AST/BTC,1535305319780,2018-08-26T17:41:59.780Z,sell,1.689e-05,3979.0,0.06720530999999999
AST/BTC,1535305320332,2018-08-26T17:42:00.332Z,buy,1.686e-05,3336.0,0.056244960000000004
AST/BTC,1535305320332,2018-08-26T17:42:00.332Z,buy,1.687e-05,586.0,0.00988582
AST/BTC,1535305320400,2018-08-26T17:42:00.400Z,sell,1.688e-05,511.0,0.00862568
AST/BTC,1535305320977,2018-08-26T17:42:00.977Z,sell,1.688e-05,409.0,0.00690392
AST/BTC,1535305321783,2018-08-26T17:42:01.783Z,sell,1.688e-05,585.0,0.009874800000000001
AST/BTC,1535305322405,2018-08-26T17:42:02.405Z,sell,1.688e-05,722.0,0.012187360000000001
AST/BTC,1535305323028,2018-08-26T17:42:03.028Z,sell,1.688e-05,176.0,0.0029708800000000004
AST/BTC,1535305324506,2018-08-26T17:42:04.506Z,sell,1.688e-05,1211.0,0.02044168
AST/BTC,1535305326197,2018-08-26T17:42:06.197Z,buy,1.688e-05,979.0,0.016525520000000002
AST/BTC,1535305330470,2018-08-26T17:42:10.470Z,sell,1.676e-05,338.0,0.00566488
AST/BTC,1535305336974,2018-08-26T17:42:16.974Z,buy,1.678e-05,297.0,0.00498366
AST/BTC,1535305336974,2018-08-26T17:42:16.974Z,buy,1.679e-05,4037.0,0.06778123
AST/BTC,1535305336974,2018-08-26T17:42:16.974Z,buy,1.688e-05,2770.0,0.0467576
AST/BTC,1535305338158,2018-08-26T17:42:18.158Z,sell,1.688e-05,1541.0,0.02601208
AST/BTC,1535305338174,2018-08-26T17:42:18.174Z,sell,1.671e-05,1536.0,0.02566656
AST/BTC,1535305352926,2018-08-26T17:42:32.926Z,buy,1.682e-05,385.0,0.006475700000000001
AST/BTC,1535305354120,2018-08-26T17:42:34.120Z,sell,1.682e-05,60.0,0.0010092
AST/BTC,1535305354674,2018-08-26T17:42:34.674Z,buy,1.682e-05,924.0,0.015541680000000002
AST/BTC,1535305354674,2018-08-26T17:42:34.674Z,buy,1.683e-05,60.0,0.0010098
AST/BTC,1535305369465,2018-08-26T17:42:49.465Z,buy,1.683e-05,1.0,1.683e-05
AST/BTC,1535305369465,2018-08-26T17:42:49.465Z,buy,1.688e-05,960.0,0.016204800000000002
AST/BTC,1535305369465,2018-08-26T17:42:49.465Z,buy,1.69e-05,1443.0,0.0243867
AST/BTC,1535305369465,2018-08-26T17:42:49.465Z,buy,1.691e-05,570.0,0.0096387
AST/BTC,1535305369465,2018-08-26T17:42:49.465Z,buy,1.692e-05,4875.0,0.082485
AST/BTC,1535305371514,2018-08-26T17:42:51.514Z,buy,1.692e-05,503.0,0.008510760000000001
AST/BTC,1535305371639,2018-08-26T17:42:51.639Z,sell,1.678e-05,123.0,0.00206394
AST/BTC,1535305376514,2018-08-26T17:42:56.514Z,buy,1.691e-05,45.0,0.0007609499999999999
AST/BTC,1535305379141,2018-08-26T17:42:59.141Z,buy,1.69e-05,15.0,0.00025350000000000004
AST/BTC,1535305380655,2018-08-26T17:43:00.655Z,sell,1.68e-05,46.0,0.0007727999999999999
AST/BTC,1535305383608,2018-08-26T17:43:03.608Z,buy,1.689e-05,60.0,0.0010134
AST/BTC,1535305387020,2018-08-26T17:43:07.020Z,buy,1.689e-05,18.0,0.00030402
AST/BTC,1535305390129,2018-08-26T17:43:10.129Z,buy,1.69e-05,40.0,0.0006760000000000001
AST/BTC,1535305391154,2018-08-26T17:43:11.154Z,buy,1.69e-05,427.0,0.0072163
AST/BTC,1535305391154,2018-08-26T17:43:11.154Z,buy,1.692e-05,499.0,0.00844308
AST/BTC,1535305391154,2018-08-26T17:43:11.154Z,buy,1.693e-05,5877.0,0.09949760999999999
AST/BTC,1535305391154,2018-08-26T17:43:11.154Z,buy,1.696e-05,60.0,0.0010176
AST/BTC,1535305391154,2018-08-26T17:43:11.154Z,buy,1.699e-05,2983.0,0.050681170000000005
AST/BTC,1535305391154,2018-08-26T17:43:11.154Z,buy,1.7e-05,9157.0,0.155669
AST/BTC,1535305391961,2018-08-26T17:43:11.961Z,buy,1.689e-05,282.0,0.00476298
AST/BTC,1535305393078,2018-08-26T17:43:13.078Z,sell,1.694e-05,162.0,0.00274428
AST/BTC,1535305393927,2018-08-26T17:43:13.927Z,buy,1.7e-05,561.0,0.009537
AST/BTC,1535305393927,2018-08-26T17:43:13.927Z,buy,1.705e-05,535.0,0.009121750000000001
AST/BTC,1535305393927,2018-08-26T17:43:13.927Z,buy,1.706e-05,118.0,0.00201308
AST/BTC,1535305393927,2018-08-26T17:43:13.927Z,buy,1.707e-05,582.0,0.009934740000000001
AST/BTC,1535305393927,2018-08-26T17:43:13.927Z,buy,1.708e-05,703.0,0.012007239999999999
AST/BTC,1535305393960,2018-08-26T17:43:13.960Z,sell,1.708e-05,896.0,0.01530368
AST/BTC,1535305393970,2018-08-26T17:43:13.970Z,sell,1.708e-05,111.0,0.00189588
AST/BTC,1535305394976,2018-08-26T17:43:14.976Z,buy,1.705e-05,119.0,0.0020289500000000003
AST/BTC,1535305396063,2018-08-26T17:43:16.063Z,sell,1.695e-05,784.0,0.013288799999999998
AST/BTC,1535305397063,2018-08-26T17:43:17.063Z,sell,1.695e-05,419.0,0.0071020499999999995
AST/BTC,1535305398066,2018-08-26T17:43:18.066Z,buy,1.695e-05,233.0,0.00394935
AST/BTC,1535305398147,2018-08-26T17:43:18.147Z,sell,1.695e-05,69.0,0.0011695499999999999
AST/BTC,1535305400229,2018-08-26T17:43:20.229Z,sell,1.695e-05,88.0,0.0014915999999999998
AST/BTC,1535305402634,2018-08-26T17:43:22.634Z,buy,1.699e-05,465.0,0.00790035
AST/BTC,1535305402705,2018-08-26T17:43:22.705Z,sell,1.699e-05,442.0,0.007509580000000001
AST/BTC,1535305402715,2018-08-26T17:43:22.715Z,sell,1.699e-05,3665.0,0.06226835000000001
AST/BTC,1535305402998,2018-08-26T17:43:22.998Z,sell,1.695e-05,41.0,0.00069495
