symbol,timestamp,datetime,side,price,amount,btc_volume
BRD/BTC,1544461418420,2018-12-10T17:03:38.420Z,buy,5.322e-05,570.0,0.030335400000000002
BRD/BTC,1544461435314,2018-12-10T17:03:55.314Z,sell,5.36e-05,510.0,0.027336
BRD/BTC,1544461435319,2018-12-10T17:03:55.319Z,sell,5.36e-05,155.0,0.008308
BRD/BTC,1544461448837,2018-12-10T17:04:08.837Z,buy,5.366e-05,852.0,0.04571832
BRD/BTC,1544461448837,2018-12-10T17:04:08.837Z,buy,5.367e-05,205.0,0.01100235
BRD/BTC,1544461449562,2018-12-10T17:04:09.562Z,sell,5.368e-05,2154.0,0.11562672
BRD/BTC,1544461452296,2018-12-10T17:04:12.296Z,sell,5.368e-05,807.0,0.04331976
BRD/BTC,1544461455922,2018-12-10T17:04:15.922Z,sell,5.368e-05,56.0,0.00300608
BRD/BTC,1544461459317,2018-12-10T17:04:19.317Z,sell,5.368e-05,94.0,0.00504592
BRD/BTC,1544461469443,2018-12-10T17:04:29.443Z,buy,5.368e-05,848.0,0.04552064
BRD/BTC,1544461469443,2018-12-10T17:04:29.443Z,buy,5.369e-05,409.0,0.02195921
BRD/BTC,1544461469443,2018-12-10T17:04:29.443Z,buy,5.37e-05,24.0,0.0012887999999999999
BRD/BTC,1544461469443,2018-12-10T17:04:29.443Z,buy,5.373e-05,944.0,0.05072112
BRD/BTC,1544461633527,2018-12-10T17:07:13.527Z,sell,5.334e-05,83.0,0.00442722
BRD/BTC,1544461634686,2018-12-10T17:07:14.686Z,sell,5.334e-05,71.0,0.00378714
BRD/BTC,1544461656122,2018-12-10T17:07:36.122Z,sell,5.334e-05,33.0,0.00176022
BRD/BTC,1544461693698,2018-12-10T17:08:13.698Z,sell,5.319e-05,106.0,0.00563814
BRD/BTC,1544461721416,2018-12-10T17:08:41.416Z,sell,5.33e-05,89.0,0.0047437
BRD/BTC,1544462101686,2018-12-10T17:15:01.686Z,buy,5.318e-05,5.0,0.0002659
BRD/BTC,1544462127282,2018-12-10T17:15:27.282Z,buy,5.33e-05,26.0,0.0013858
BRD/BTC,1544462127282,2018-12-10T17:15:27.282Z,buy,5.369e-05,106.0,0.00569114
BRD/BTC,1544462127282,2018-12-10T17:15:27.282Z,buy,5.37e-05,33.0,0.0017721
BRD/BTC,1544462127282,2018-12-10T17:15:27.282Z,buy,5.371e-05,71.0,0.0038134099999999997
BRD/BTC,1544462127282,2018-12-10T17:15:27.282Z,buy,5.372e-05,83.0,0.00445876
BRD/BTC,1544462127282,2018-12-10T17:15:27.282Z,buy,5.374e-05,60.0,0.0032243999999999997
BRD/BTC,1544462127282,2018-12-10T17:15:27.282Z,buy,5.375e-05,690.0,0.0370875
BRD/BTC,1544462438436,2018-12-10T17:20:38.436Z,buy,5.375e-05,903.0,0.048536249999999996
BRD/BTC,1544462465645,2018-12-10T17:21:05.645Z,buy,5.371e-05,93.0,0.00499503
BRD/BTC,1544462793848,2018-12-10T17:26:33.848Z,sell,5.328e-05,195.0,0.010389599999999999
BRD/BTC,1544462793848,2018-12-10T17:26:33.848Z,sell,5.327e-05,150.0,0.007990500000000001
BRD/BTC,1544462793891,2018-12-10T17:26:33.891Z,buy,5.31e-05,171.0,0.0090801
BRD/BTC,1544462827895,2018-12-10T17:27:07.895Z,buy,5.31e-05,56.0,0.0029736000000000003
BRD/BTC,1544463134816,2018-12-10T17:32:14.816Z,sell,5.308e-05,144.0,0.00764352
BRD/BTC,1544463135247,2018-12-10T17:32:15.247Z,sell,5.308e-05,266.0,0.01411928
BRD/BTC,1544463247963,2018-12-10T17:34:07.963Z,sell,5.284e-05,75.0,0.003963
BRD/BTC,1544463247963,2018-12-10T17:34:07.963Z,sell,5.279e-05,19.0,0.00100301
BRD/BTC,1544463247963,2018-12-10T17:34:07.963Z,sell,5.267e-05,65.0,0.00342355
BRD/BTC,1544463284654,2018-12-10T17:34:44.654Z,sell,5.272e-05,177.0,0.00933144
BRD/BTC,1544463369997,2018-12-10T17:36:09.997Z,buy,5.275e-05,28.0,0.001477
BRD/BTC,1544463500767,2018-12-10T17:38:20.767Z,buy,5.277e-05,28.0,0.00147756
BRD/BTC,1544463884350,2018-12-10T17:44:44.350Z,sell,5.279e-05,902.0,0.04761658
BRD/BTC,1544463893453,2018-12-10T17:44:53.453Z,buy,5.307e-05,50.0,0.0026535
BRD/BTC,1544463893490,2018-12-10T17:44:53.490Z,buy,5.307e-05,50.0,0.0026535
BRD/BTC,1544464032072,2018-12-10T17:47:12.072Z,buy,5.305e-05,59.0,0.0031299500000000003
BRD/BTC,1544464032463,2018-12-10T17:47:12.463Z,buy,5.305e-05,36.0,0.0019098000000000001
BRD/BTC,1544464032594,2018-12-10T17:47:12.594Z,buy,5.306e-05,143.0,0.007587579999999999
BRD/BTC,1544464032594,2018-12-10T17:47:12.594Z,buy,5.307e-05,410.0,0.0217587
BRD/BTC,1544464032594,2018-12-10T17:47:12.594Z,buy,5.309e-05,11.0,0.00058399
BRD/BTC,1544464423530,2018-12-10T17:53:43.530Z,buy,5.308e-05,274.0,0.01454392
BRD/BTC,1544464423530,2018-12-10T17:53:43.530Z,buy,5.308e-05,274.0,0.01454392
BRD/BTC,1544464811342,2018-12-10T18:00:11.342Z,sell,5.307e-05,108.0,0.00573156
BRD/BTC,1544465170885,2018-12-10T18:06:10.885Z,sell,5.307e-05,423.0,0.02244861
BRD/BTC,1544465632451,2018-12-10T18:13:52.451Z,buy,5.308e-05,163.0,0.00865204
BRD/BTC,1544466032415,2018-12-10T18:20:32.415Z,buy,5.309e-05,628.0,0.03334052
BRD/BTC,1544466032790,2018-12-10T18:20:32.790Z,buy,5.31e-05,2704.0,0.1435824
BRD/BTC,1544466828793,2018-12-10T18:33:48.793Z,buy,5.309e-05,94.0,0.00499046
BRD/BTC,1544466833442,2018-12-10T18:33:53.442Z,buy,5.309e-05,37.0,0.0019643300000000002
BRD/BTC,1544466837011,2018-12-10T18:33:57.011Z,buy,5.309e-05,18.0,0.00095562
BRD/BTC,1544466846671,2018-12-10T18:34:06.671Z,buy,5.31e-05,941.0,0.0499671
BRD/BTC,1544467077443,2018-12-10T18:37:57.443Z,buy,5.31e-05,941.0,0.0499671
BRD/BTC,1544467134372,2018-12-10T18:38:54.372Z,buy,5.31e-05,29.0,0.0015399
BRD/BTC,1544467134372,2018-12-10T18:38:54.372Z,buy,5.31e-05,29.0,0.0015399
BRD/BTC,1544468046659,2018-12-10T18:54:06.659Z,sell,5.309e-05,61.0,0.00323849
BRD/BTC,1544468078029,2018-12-10T18:54:38.029Z,sell,5.309e-05,108.0,0.00573372
BRD/BTC,1544468089420,2018-12-10T18:54:49.420Z,sell,5.307e-05,113.0,0.005996909999999999
BRD/BTC,1544468089505,2018-12-10T18:54:49.505Z,sell,5.307e-05,204.0,0.010826279999999999
BRD/BTC,1544468106170,2018-12-10T18:55:06.170Z,sell,5.307e-05,73.0,0.00387411
BRD/BTC,1544468455564,2018-12-10T19:00:55.564Z,sell,5.307e-05,239.0,0.012683729999999999
BRD/BTC,1544468630960,2018-12-10T19:03:50.960Z,sell,5.292e-05,705.0,0.037308600000000004
BRD/BTC,1544468630970,2018-12-10T19:03:50.970Z,buy,5.291e-05,647.0,0.03423277
BRD/BTC,1544469708280,2018-12-10T19:21:48.280Z,sell,5.292e-05,68.0,0.00359856
BRD/BTC,1544469708657,2018-12-10T19:21:48.657Z,sell,5.277e-05,264.0,0.013931279999999999
BRD/BTC,1544469709061,2018-12-10T19:21:49.061Z,sell,5.274e-05,37.0,0.00195138
BRD/BTC,1544469711455,2018-12-10T19:21:51.455Z,sell,5.268e-05,596.0,0.03139728
BRD/BTC,1544469711814,2018-12-10T19:21:51.814Z,sell,5.267e-05,32.0,0.00168544
BRD/BTC,1544469712188,2018-12-10T19:21:52.188Z,sell,5.26e-05,20.0,0.001052
BRD/BTC,1544469715063,2018-12-10T19:21:55.063Z,buy,5.309e-05,45.0,0.00238905
BRD/BTC,1544469719294,2018-12-10T19:21:59.294Z,sell,5.257e-05,39.0,0.00205023
BRD/BTC,1544469719708,2018-12-10T19:21:59.708Z,sell,5.255e-05,123.0,0.00646365
BRD/BTC,1544469720187,2018-12-10T19:22:00.187Z,sell,5.243e-05,23.0,0.00120589
BRD/BTC,1544469720187,2018-12-10T19:22:00.187Z,sell,5.242e-05,1363.0,0.07144846
BRD/BTC,1544469724414,2018-12-10T19:22:04.414Z,sell,5.255e-05,20.0,0.0010509999999999999
BRD/BTC,1544469724792,2018-12-10T19:22:04.792Z,sell,5.25e-05,250.0,0.013125000000000001
BRD/BTC,1544469725168,2018-12-10T19:22:05.168Z,sell,5.24e-05,497.0,0.0260428
BRD/BTC,1544469729482,2018-12-10T19:22:09.482Z,buy,5.298e-05,92.0,0.00487416
BRD/BTC,1544470018389,2018-12-10T19:26:58.389Z,sell,5.251e-05,55.0,0.0028880499999999996
BRD/BTC,1544470108432,2018-12-10T19:28:28.432Z,buy,5.278e-05,20.0,0.0010556
BRD/BTC,1544470108739,2018-12-10T19:28:28.739Z,buy,5.278e-05,33.0,0.00174174
BRD/BTC,1544470108887,2018-12-10T19:28:28.887Z,buy,5.278e-05,2.0,0.00010556
BRD/BTC,1544470163359,2018-12-10T19:29:23.359Z,buy,5.298e-05,20.0,0.0010596
BRD/BTC,1544470164480,2018-12-10T19:29:24.480Z,buy,5.298e-05,20.0,0.0010596
BRD/BTC,1544470166116,2018-12-10T19:29:26.116Z,buy,5.298e-05,11.0,0.00058278
BRD/BTC,1544470208825,2018-12-10T19:30:08.825Z,buy,5.309e-05,20.0,0.0010618000000000001
BRD/BTC,1544470558744,2018-12-10T19:35:58.744Z,sell,5.263e-05,950.0,0.0499985
BRD/BTC,1544470559757,2018-12-10T19:35:59.757Z,sell,5.261e-05,191.0,0.01004851
BRD/BTC,1544470559757,2018-12-10T19:35:59.757Z,sell,5.26e-05,663.0,0.034873799999999996
BRD/BTC,1544470561169,2018-12-10T19:36:01.169Z,sell,5.25e-05,2711.0,0.1423275
BRD/BTC,1544470720792,2018-12-10T19:38:40.792Z,sell,5.251e-05,174.0,0.009136739999999999
BRD/BTC,1544470720792,2018-12-10T19:38:40.792Z,sell,5.251e-05,174.0,0.009136739999999999
BRD/BTC,1544471617489,2018-12-10T19:53:37.489Z,sell,5.253e-05,68.0,0.00357204
BRD/BTC,1544472123796,2018-12-10T20:02:03.796Z,buy,5.305e-05,20.0,0.001061
BRD/BTC,1544472150115,2018-12-10T20:02:30.115Z,buy,5.305e-05,20.0,0.001061
BRD/BTC,1544472210456,2018-12-10T20:03:30.456Z,buy,5.305e-05,20.0,0.001061
BRD/BTC,1544472211470,2018-12-10T20:03:31.470Z,buy,5.305e-05,20.0,0.001061
BRD/BTC,1544472509689,2018-12-10T20:08:29.689Z,sell,5.3e-05,26.0,0.001378
BRD/BTC,1544472542648,2018-12-10T20:09:02.648Z,buy,5.303e-05,21.0,0.00111363
BRD/BTC,1544473501607,2018-12-10T20:25:01.607Z,buy,5.303e-05,50.0,0.0026514999999999998
BRD/BTC,1544474200114,2018-12-10T20:36:40.114Z,buy,5.301e-05,37.0,0.00196137
BRD/BTC,1544474200114,2018-12-10T20:36:40.114Z,buy,5.301e-05,37.0,0.00196137
BRD/BTC,1544474582881,2018-12-10T20:43:02.881Z,buy,5.301e-05,201.0,0.010655010000000001
BRD/BTC,1544474582908,2018-12-10T20:43:02.908Z,buy,5.301e-05,1.0,5.301e-05
BRD/BTC,1544474582908,2018-12-10T20:43:02.908Z,buy,5.302e-05,201.0,0.01065702
BRD/BTC,1544474583214,2018-12-10T20:43:03.214Z,buy,5.302e-05,14.0,0.00074228
BRD/BTC,1544474583214,2018-12-10T20:43:03.214Z,buy,5.304e-05,172.0,0.00912288
BRD/BTC,1544474583253,2018-12-10T20:43:03.253Z,buy,5.304e-05,186.0,0.00986544
BRD/BTC,1544474625690,2018-12-10T20:43:45.690Z,buy,5.304e-05,200.0,0.010608
BRD/BTC,1544474851670,2018-12-10T20:47:31.670Z,buy,5.304e-05,301.0,0.01596504
BRD/BTC,1544475040088,2018-12-10T20:50:40.088Z,buy,5.269e-05,171.0,0.009009989999999999
BRD/BTC,1544475069117,2018-12-10T20:51:09.117Z,buy,5.269e-05,19.0,0.00100111
BRD/BTC,1544475169965,2018-12-10T20:52:49.965Z,buy,5.269e-05,33.0,0.00173877
BRD/BTC,1544475170968,2018-12-10T20:52:50.968Z,buy,5.269e-05,135.0,0.0071131499999999995
BRD/BTC,1544475173973,2018-12-10T20:52:53.973Z,buy,5.269e-05,132.0,0.00695508
BRD/BTC,1544475178970,2018-12-10T20:52:58.970Z,buy,5.269e-05,138.0,0.00727122
BRD/BTC,1544475180978,2018-12-10T20:53:00.978Z,buy,5.269e-05,35.0,0.00184415
BRD/BTC,1544475683810,2018-12-10T21:01:23.810Z,buy,5.284e-05,467.0,0.024676280000000002
BRD/BTC,1544475728480,2018-12-10T21:02:08.480Z,buy,5.284e-05,166.0,0.00877144
BRD/BTC,1544475741463,2018-12-10T21:02:21.463Z,buy,5.284e-05,100.0,0.0052840000000000005
BRD/BTC,1544475741463,2018-12-10T21:02:21.463Z,buy,5.309e-05,150.0,0.0079635
BRD/BTC,1544475741463,2018-12-10T21:02:21.463Z,buy,5.31e-05,204.0,0.0108324
BRD/BTC,1544475911382,2018-12-10T21:05:11.382Z,buy,5.31e-05,4824.0,0.2561544
BRD/BTC,1544477421841,2018-12-10T21:30:21.841Z,buy,5.31e-05,22.0,0.0011682
BRD/BTC,1544477421841,2018-12-10T21:30:21.841Z,buy,5.31e-05,22.0,0.0011682
BRD/BTC,1544478760583,2018-12-10T21:52:40.583Z,buy,5.31e-05,2994.0,0.15898140000000002
BRD/BTC,1544478913947,2018-12-10T21:55:13.947Z,sell,5.31e-05,125.0,0.0066375
BRD/BTC,1544479344090,2018-12-10T22:02:24.090Z,sell,5.276e-05,135.0,0.007122600000000001
BRD/BTC,1544479396811,2018-12-10T22:03:16.811Z,sell,5.276e-05,45.0,0.0023742
BRD/BTC,1544479907414,2018-12-10T22:11:47.414Z,buy,5.313e-05,20.0,0.0010626
BRD/BTC,1544479916304,2018-12-10T22:11:56.304Z,buy,5.311e-05,160.0,0.0084976
BRD/BTC,1544479916491,2018-12-10T22:11:56.491Z,sell,5.311e-05,91.0,0.0048330099999999996
BRD/BTC,1544479930270,2018-12-10T22:12:10.270Z,sell,5.311e-05,596.0,0.03165356
BRD/BTC,1544479930401,2018-12-10T22:12:10.401Z,sell,5.311e-05,536.0,0.02846696
BRD/BTC,1544480107391,2018-12-10T22:15:07.391Z,buy,5.311e-05,208.0,0.01104688
BRD/BTC,1544480107415,2018-12-10T22:15:07.415Z,sell,5.311e-05,250.0,0.0132775
BRD/BTC,1544480107483,2018-12-10T22:15:07.483Z,sell,5.311e-05,28.0,0.00148708
BRD/BTC,1544480114234,2018-12-10T22:15:14.234Z,sell,5.311e-05,2708.0,0.14382187999999999
BRD/BTC,1544480117818,2018-12-10T22:15:17.818Z,sell,5.311e-05,681.0,0.03616791
BRD/BTC,1544480834955,2018-12-10T22:27:14.955Z,buy,5.321e-05,68.0,0.00361828
BRD/BTC,1544480834955,2018-12-10T22:27:14.955Z,buy,5.35e-05,300.0,0.01605
BRD/BTC,1544480835442,2018-12-10T22:27:15.442Z,sell,5.35e-05,567.0,0.0303345
BRD/BTC,1544480881081,2018-12-10T22:28:01.081Z,buy,5.36e-05,841.0,0.0450776
BRD/BTC,1544480881081,2018-12-10T22:28:01.081Z,buy,5.361e-05,167.0,0.00895287
BRD/BTC,1544480881081,2018-12-10T22:28:01.081Z,buy,5.36e-05,841.0,0.0450776
BRD/BTC,1544480881081,2018-12-10T22:28:01.081Z,buy,5.361e-05,167.0,0.00895287
BRD/BTC,1544481496625,2018-12-10T22:38:16.625Z,buy,5.332e-05,92.0,0.00490544
BRD/BTC,1544482183846,2018-12-10T22:49:43.846Z,buy,5.332e-05,443.0,0.023620759999999998
BRD/BTC,1544483314280,2018-12-10T23:08:34.280Z,buy,5.363e-05,941.0,0.05046583
BRD/BTC,1544483314280,2018-12-10T23:08:34.280Z,buy,5.375e-05,7407.0,0.39812625
BRD/BTC,1544483314313,2018-12-10T23:08:34.313Z,sell,5.375e-05,171.0,0.00919125
BRD/BTC,1544483317402,2018-12-10T23:08:37.402Z,sell,5.375e-05,166.0,0.0089225
BRD/BTC,1544484071865,2018-12-10T23:21:11.865Z,buy,5.375e-05,85.0,0.00456875
BRD/BTC,1544484072877,2018-12-10T23:21:12.877Z,buy,5.383e-05,40.0,0.0021532
BRD/BTC,1544484072877,2018-12-10T23:21:12.877Z,buy,5.383e-05,40.0,0.0021532
BRD/BTC,1544484573520,2018-12-10T23:29:33.520Z,buy,5.383e-05,39.0,0.0020993699999999997
BRD/BTC,1544484592213,2018-12-10T23:29:52.213Z,buy,5.393e-05,175.0,0.00943775
BRD/BTC,1544484762565,2018-12-10T23:32:42.565Z,buy,5.392e-05,124.0,0.00668608
BRD/BTC,1544484762671,2018-12-10T23:32:42.671Z,buy,5.392e-05,89.0,0.00479888
BRD/BTC,1544484762671,2018-12-10T23:32:42.671Z,buy,5.393e-05,137.0,0.00738841
BRD/BTC,1544484762671,2018-12-10T23:32:42.671Z,buy,5.394e-05,51.0,0.00275094
BRD/BTC,1544484762715,2018-12-10T23:32:42.715Z,buy,5.394e-05,38.0,0.00204972
BRD/BTC,1544484762715,2018-12-10T23:32:42.715Z,buy,5.395e-05,18.0,0.0009710999999999999
BRD/BTC,1544484767741,2018-12-10T23:32:47.741Z,sell,5.392e-05,501.0,0.02701392
BRD/BTC,1544484791459,2018-12-10T23:33:11.459Z,buy,5.395e-05,92.0,0.0049634
BRD/BTC,1544484922052,2018-12-10T23:35:22.052Z,buy,5.395e-05,125.0,0.00674375
BRD/BTC,1544485365839,2018-12-10T23:42:45.839Z,sell,5.361e-05,54.0,0.00289494
BRD/BTC,1544485382995,2018-12-10T23:43:02.995Z,sell,5.361e-05,913.0,0.04894593
BRD/BTC,1544485383998,2018-12-10T23:43:03.998Z,buy,5.361e-05,115.0,0.0061651499999999995
BRD/BTC,1544485508895,2018-12-10T23:45:08.895Z,sell,5.363e-05,94.0,0.00504122
BRD/BTC,1544486198554,2018-12-10T23:56:38.554Z,buy,5.395e-05,173.0,0.009333349999999999
BRD/BTC,1544486198554,2018-12-10T23:56:38.554Z,buy,5.4e-05,30.0,0.00162
BRD/BTC,1544486198554,2018-12-10T23:56:38.554Z,buy,5.408e-05,169.0,0.00913952
BRD/BTC,1544486198554,2018-12-10T23:56:38.554Z,buy,5.409e-05,1629.0,0.08811261
BRD/BTC,1544486199568,2018-12-10T23:56:39.568Z,buy,5.41e-05,2547.0,0.1377927
BRD/BTC,1544486200540,2018-12-10T23:56:40.540Z,buy,5.412e-05,157.0,0.00849684
BRD/BTC,1544486223562,2018-12-10T23:57:03.562Z,sell,5.366e-05,277.0,0.01486382
BRD/BTC,1544487438948,2018-12-11T00:17:18.948Z,buy,5.399e-05,277.0,0.014955230000000002
BRD/BTC,1544487438948,2018-12-11T00:17:18.948Z,buy,5.4e-05,2739.0,0.14790599999999998
BRD/BTC,1544487439233,2018-12-11T00:17:19.233Z,buy,5.418e-05,78.0,0.00422604
BRD/BTC,1544487439290,2018-12-11T00:17:19.290Z,sell,5.418e-05,150.0,0.008127
BRD/BTC,1544487440243,2018-12-11T00:17:20.243Z,buy,5.429e-05,36.0,0.00195444
BRD/BTC,1544487440303,2018-12-11T00:17:20.303Z,sell,5.429e-05,21.0,0.0011400899999999999
BRD/BTC,1544487441241,2018-12-11T00:17:21.241Z,buy,5.417e-05,29.0,0.00157093
BRD/BTC,1544487445349,2018-12-11T00:17:25.349Z,sell,5.417e-05,58.0,0.00314186
BRD/BTC,1544487448336,2018-12-11T00:17:28.336Z,buy,5.417e-05,50.0,0.0027085
BRD/BTC,1544487473986,2018-12-11T00:17:53.986Z,sell,5.368e-05,20.0,0.0010736
BRD/BTC,1544487484737,2018-12-11T00:18:04.737Z,sell,5.368e-05,36.0,0.00193248
BRD/BTC,1544487488621,2018-12-11T00:18:08.621Z,buy,5.373e-05,171.0,0.009187830000000001
BRD/BTC,1544487489253,2018-12-11T00:18:09.253Z,buy,5.373e-05,198.0,0.01063854
BRD/BTC,1544487491240,2018-12-11T00:18:11.240Z,buy,5.373e-05,24.0,0.0012895200000000002
BRD/BTC,1544487493237,2018-12-11T00:18:13.237Z,buy,5.373e-05,91.0,0.00488943
BRD/BTC,1544487495235,2018-12-11T00:18:15.235Z,buy,5.373e-05,79.0,0.00424467
BRD/BTC,1544487495235,2018-12-11T00:18:15.235Z,buy,5.373e-05,79.0,0.00424467
BRD/BTC,1544488140950,2018-12-11T00:29:00.950Z,buy,5.415e-05,236.0,0.0127794
BRD/BTC,1544488289535,2018-12-11T00:31:29.535Z,sell,5.379e-05,129.0,0.0069389099999999995
BRD/BTC,1544488290313,2018-12-11T00:31:30.313Z,buy,5.379e-05,58.0,0.0031198199999999997
BRD/BTC,1544488758268,2018-12-11T00:39:18.268Z,sell,5.392e-05,110.0,0.0059312
BRD/BTC,1544488762391,2018-12-11T00:39:22.391Z,buy,5.392e-05,1408.0,0.07591935999999999
BRD/BTC,1544488763370,2018-12-11T00:39:23.370Z,buy,5.392e-05,116.0,0.00625472
BRD/BTC,1544488812783,2018-12-11T00:40:12.783Z,buy,5.392e-05,158.0,0.00851936
BRD/BTC,1544488812783,2018-12-11T00:40:12.783Z,buy,5.392e-05,78.0,0.00420576
BRD/BTC,1544488812796,2018-12-11T00:40:12.796Z,buy,5.392e-05,50.0,0.002696
BRD/BTC,1544489426699,2018-12-11T00:50:26.699Z,sell,5.417e-05,110.0,0.0059587
BRD/BTC,1544489831710,2018-12-11T00:57:11.710Z,sell,5.378e-05,173.0,0.00930394
BRD/BTC,1544489832259,2018-12-11T00:57:12.259Z,buy,5.378e-05,918.0,0.04937004
BRD/BTC,1544489842148,2018-12-11T00:57:22.148Z,buy,5.405e-05,55.0,0.00297275
BRD/BTC,1544489843661,2018-12-11T00:57:23.661Z,buy,5.405e-05,20.0,0.001081
BRD/BTC,1544489844182,2018-12-11T00:57:24.182Z,buy,5.405e-05,35.0,0.00189175
BRD/BTC,1544489844182,2018-12-11T00:57:24.182Z,buy,5.406e-05,5.0,0.0002703
BRD/BTC,1544490126062,2018-12-11T01:02:06.062Z,sell,5.373e-05,266.0,0.01429218
BRD/BTC,1544490228574,2018-12-11T01:03:48.574Z,sell,5.376e-05,26.0,0.00139776
BRD/BTC,1544490458546,2018-12-11T01:07:38.546Z,buy,5.406e-05,54.0,0.00291924
BRD/BTC,1544490471962,2018-12-11T01:07:51.962Z,sell,5.406e-05,108.0,0.00583848
BRD/BTC,1544490472546,2018-12-11T01:07:52.546Z,buy,5.406e-05,33.0,0.0017839800000000001
BRD/BTC,1544490547018,2018-12-11T01:09:07.018Z,sell,5.406e-05,66.0,0.0035679600000000002
BRD/BTC,1544490911986,2018-12-11T01:15:11.986Z,sell,5.393e-05,369.0,0.019900170000000002
BRD/BTC,1544490911986,2018-12-11T01:15:11.986Z,sell,5.384e-05,339.0,0.01825176
BRD/BTC,1544490911986,2018-12-11T01:15:11.986Z,sell,5.382e-05,7.0,0.00037674000000000003
BRD/BTC,1544490911986,2018-12-11T01:15:11.986Z,sell,5.393e-05,369.0,0.019900170000000002
BRD/BTC,1544490911986,2018-12-11T01:15:11.986Z,sell,5.384e-05,339.0,0.01825176
BRD/BTC,1544490911986,2018-12-11T01:15:11.986Z,sell,5.382e-05,7.0,0.00037674000000000003
BRD/BTC,1544492054431,2018-12-11T01:34:14.431Z,sell,5.383e-05,454.0,0.02443882
BRD/BTC,1544492217712,2018-12-11T01:36:57.712Z,buy,5.383e-05,99.0,0.005329169999999999
BRD/BTC,1544492238913,2018-12-11T01:37:18.913Z,buy,5.383e-05,28.0,0.00150724
BRD/BTC,1544492284835,2018-12-11T01:38:04.835Z,buy,5.436e-05,55.0,0.0029898
BRD/BTC,1544492386044,2018-12-11T01:39:46.044Z,sell,5.386e-05,108.0,0.00581688
BRD/BTC,1544492407098,2018-12-11T01:40:07.098Z,sell,5.388e-05,50.0,0.0026939999999999998
BRD/BTC,1544492422969,2018-12-11T01:40:22.969Z,sell,5.388e-05,91.0,0.00490308
BRD/BTC,1544492497582,2018-12-11T01:41:37.582Z,sell,5.373e-05,467.0,0.025091910000000002
BRD/BTC,1544492712968,2018-12-11T01:45:12.968Z,sell,5.373e-05,279.0,0.014990670000000001
BRD/BTC,1544493215703,2018-12-11T01:53:35.703Z,sell,5.378e-05,102.0,0.00548556
BRD/BTC,1544493328531,2018-12-11T01:55:28.531Z,buy,5.397e-05,74.0,0.00399378
BRD/BTC,1544493328789,2018-12-11T01:55:28.789Z,buy,5.397e-05,34.0,0.00183498
BRD/BTC,1544493364068,2018-12-11T01:56:04.068Z,buy,5.398e-05,55.0,0.0029689
BRD/BTC,1544493635088,2018-12-11T02:00:35.088Z,sell,5.373e-05,38.0,0.0020417400000000002
BRD/BTC,1544493675839,2018-12-11T02:01:15.839Z,buy,5.373e-05,45.0,0.00241785
BRD/BTC,1544493676843,2018-12-11T02:01:16.843Z,buy,5.38e-05,229.0,0.0123202
BRD/BTC,1544493676843,2018-12-11T02:01:16.843Z,buy,5.38e-05,229.0,0.0123202
BRD/BTC,1544494779880,2018-12-11T02:19:39.880Z,sell,5.38e-05,108.0,0.0058104
BRD/BTC,1544495231100,2018-12-11T02:27:11.100Z,buy,5.438e-05,173.0,0.00940774
BRD/BTC,1544495231100,2018-12-11T02:27:11.100Z,buy,5.439e-05,10.0,0.0005438999999999999
BRD/BTC,1544495726234,2018-12-11T02:35:26.234Z,sell,5.404e-05,94.0,0.00507976
BRD/BTC,1544495729557,2018-12-11T02:35:29.557Z,sell,5.404e-05,37.0,0.00199948
BRD/BTC,1544495732272,2018-12-11T02:35:32.272Z,sell,5.404e-05,56.0,0.00302624
BRD/BTC,1544495736610,2018-12-11T02:35:36.610Z,sell,5.404e-05,131.0,0.00707924
BRD/BTC,1544496230876,2018-12-11T02:43:50.876Z,sell,5.387e-05,369.0,0.019878029999999998
BRD/BTC,1544496230876,2018-12-11T02:43:50.876Z,sell,5.381e-05,370.0,0.0199097
BRD/BTC,1544496230876,2018-12-11T02:43:50.876Z,sell,5.38e-05,330.0,0.017754
BRD/BTC,1544496230876,2018-12-11T02:43:50.876Z,sell,5.387e-05,369.0,0.019878029999999998
BRD/BTC,1544496230876,2018-12-11T02:43:50.876Z,sell,5.381e-05,370.0,0.0199097
BRD/BTC,1544496230876,2018-12-11T02:43:50.876Z,sell,5.38e-05,330.0,0.017754
BRD/BTC,1544498154196,2018-12-11T03:15:54.196Z,buy,5.387e-05,376.0,0.020255119999999998
BRD/BTC,1544498164332,2018-12-11T03:16:04.332Z,buy,5.397e-05,376.0,0.02029272
BRD/BTC,1544498873444,2018-12-11T03:27:53.444Z,buy,5.398e-05,61.0,0.00329278
BRD/BTC,1544498873444,2018-12-11T03:27:53.444Z,buy,5.398e-05,61.0,0.00329278
BRD/BTC,1544501120890,2018-12-11T04:05:20.890Z,buy,5.397e-05,408.0,0.02201976
BRD/BTC,1544501168494,2018-12-11T04:06:08.494Z,buy,5.396e-05,19.0,0.00102524
BRD/BTC,1544501276675,2018-12-11T04:07:56.675Z,sell,5.378e-05,150.0,0.008067
BRD/BTC,1544501276675,2018-12-11T04:07:56.675Z,sell,5.372e-05,148.0,0.00795056
BRD/BTC,1544501276675,2018-12-11T04:07:56.675Z,sell,5.37e-05,148.0,0.007947599999999999
BRD/BTC,1544501276675,2018-12-11T04:07:56.675Z,sell,5.369e-05,312.0,0.01675128
BRD/BTC,1544501276675,2018-12-11T04:07:56.675Z,sell,5.368e-05,62.0,0.00332816
BRD/BTC,1544501276675,2018-12-11T04:07:56.675Z,sell,5.367e-05,818.0,0.04390206
BRD/BTC,1544501276675,2018-12-11T04:07:56.675Z,sell,5.356e-05,281.0,0.01505036
BRD/BTC,1544501747755,2018-12-11T04:15:47.755Z,buy,5.396e-05,660.0,0.0356136
BRD/BTC,1544502147765,2018-12-11T04:22:27.765Z,sell,5.364e-05,27.0,0.0014482800000000001
BRD/BTC,1544502147765,2018-12-11T04:22:27.765Z,sell,5.364e-05,27.0,0.0014482800000000001
BRD/BTC,1544503305028,2018-12-11T04:41:45.028Z,buy,5.398e-05,149.0,0.00804302
BRD/BTC,1544503307330,2018-12-11T04:41:47.330Z,buy,5.399e-05,52.0,0.0028074800000000002
BRD/BTC,1544503313209,2018-12-11T04:41:53.209Z,buy,5.399e-05,24.0,0.00129576
BRD/BTC,1544503528622,2018-12-11T04:45:28.622Z,buy,5.399e-05,80.0,0.0043192000000000005
BRD/BTC,1544505368630,2018-12-11T05:16:08.630Z,sell,5.369e-05,33.0,0.00177177
BRD/BTC,1544505368630,2018-12-11T05:16:08.630Z,sell,5.368e-05,29.0,0.00155672
BRD/BTC,1544505368630,2018-12-11T05:16:08.630Z,sell,5.362e-05,168.0,0.00900816
BRD/BTC,1544505429475,2018-12-11T05:17:09.475Z,sell,5.362e-05,209.0,0.011206579999999999
BRD/BTC,1544505429571,2018-12-11T05:17:09.571Z,buy,5.362e-05,87.0,0.00466494
BRD/BTC,1544505429571,2018-12-11T05:17:09.571Z,buy,5.362e-05,87.0,0.00466494
BRD/BTC,1544505786835,2018-12-11T05:23:06.835Z,sell,5.363e-05,149.0,0.00799087
BRD/BTC,1544505786835,2018-12-11T05:23:06.835Z,sell,5.362e-05,204.0,0.01093848
BRD/BTC,1544505786835,2018-12-11T05:23:06.835Z,sell,5.356e-05,200.0,0.010712000000000001
BRD/BTC,1544505786835,2018-12-11T05:23:06.835Z,sell,5.354e-05,148.0,0.00792392
BRD/BTC,1544505786835,2018-12-11T05:23:06.835Z,sell,5.353e-05,504.0,0.02697912
BRD/BTC,1544505929897,2018-12-11T05:25:29.897Z,buy,5.359e-05,84.0,0.00450156
BRD/BTC,1544506170721,2018-12-11T05:29:30.721Z,buy,5.398e-05,39.0,0.00210522
BRD/BTC,1544506188189,2018-12-11T05:29:48.189Z,buy,5.398e-05,248.0,0.013387040000000001
BRD/BTC,1544507200494,2018-12-11T05:46:40.494Z,buy,5.397e-05,196.0,0.01057812
BRD/BTC,1544507297556,2018-12-11T05:48:17.556Z,buy,5.397e-05,88.0,0.00474936
BRD/BTC,1544507417507,2018-12-11T05:50:17.507Z,buy,5.397e-05,89.0,0.00480333
BRD/BTC,1544507418039,2018-12-11T05:50:18.039Z,sell,5.397e-05,84.0,0.00453348
BRD/BTC,1544507418299,2018-12-11T05:50:18.299Z,sell,5.397e-05,271.0,0.01462587
BRD/BTC,1544507515729,2018-12-11T05:51:55.729Z,buy,5.397e-05,185.0,0.00998445
BRD/BTC,1544507515729,2018-12-11T05:51:55.729Z,buy,5.397e-05,185.0,0.00998445
BRD/BTC,1544509933050,2018-12-11T06:32:13.050Z,sell,5.36e-05,89.0,0.0047704
BRD/BTC,1544509933422,2018-12-11T06:32:13.422Z,sell,5.36e-05,60.0,0.003216
BRD/BTC,1544509933496,2018-12-11T06:32:13.496Z,buy,5.36e-05,14.0,0.0007504
BRD/BTC,1544510271502,2018-12-11T06:37:51.502Z,buy,5.396e-05,417.0,0.02250132
BRD/BTC,1544510271502,2018-12-11T06:37:51.502Z,buy,5.397e-05,86.0,0.00464142
BRD/BTC,1544510271502,2018-12-11T06:37:51.502Z,buy,5.398e-05,149.0,0.00804302
BRD/BTC,1544510271502,2018-12-11T06:37:51.502Z,buy,5.399e-05,917.0,0.049508830000000004
BRD/BTC,1544510271502,2018-12-11T06:37:51.502Z,buy,5.419e-05,113.0,0.00612347
BRD/BTC,1544510271502,2018-12-11T06:37:51.502Z,buy,5.396e-05,417.0,0.02250132
BRD/BTC,1544510271502,2018-12-11T06:37:51.502Z,buy,5.397e-05,86.0,0.00464142
BRD/BTC,1544510271502,2018-12-11T06:37:51.502Z,buy,5.398e-05,149.0,0.00804302
BRD/BTC,1544510271502,2018-12-11T06:37:51.502Z,buy,5.399e-05,917.0,0.049508830000000004
BRD/BTC,1544510271502,2018-12-11T06:37:51.502Z,buy,5.419e-05,113.0,0.00612347
BRD/BTC,1544511630462,2018-12-11T07:00:30.462Z,sell,5.419e-05,126.0,0.00682794
BRD/BTC,1544511630489,2018-12-11T07:00:30.489Z,sell,5.419e-05,41.0,0.00222179
BRD/BTC,1544511630495,2018-12-11T07:00:30.495Z,sell,5.419e-05,209.0,0.011325710000000001
BRD/BTC,1544511630530,2018-12-11T07:00:30.530Z,sell,5.419e-05,25.0,0.00135475
BRD/BTC,1544511630559,2018-12-11T07:00:30.559Z,sell,5.419e-05,50.0,0.0027095
BRD/BTC,1544511630920,2018-12-11T07:00:30.920Z,sell,5.419e-05,4182.0,0.22662258000000002
BRD/BTC,1544512221738,2018-12-11T07:10:21.738Z,sell,5.419e-05,206.0,0.01116314
BRD/BTC,1544512221743,2018-12-11T07:10:21.743Z,sell,5.419e-05,408.0,0.02210952
BRD/BTC,1544512221743,2018-12-11T07:10:21.743Z,sell,5.419e-05,408.0,0.02210952
BRD/BTC,1544515099614,2018-12-11T07:58:19.614Z,buy,5.419e-05,100.0,0.005419
BRD/BTC,1544515099614,2018-12-11T07:58:19.614Z,buy,5.422e-05,150.0,0.008133
BRD/BTC,1544515391536,2018-12-11T08:03:11.536Z,buy,5.42e-05,75.0,0.004065
BRD/BTC,1544515391536,2018-12-11T08:03:11.536Z,buy,5.42e-05,75.0,0.004065
BRD/BTC,1544516004683,2018-12-11T08:13:24.683Z,sell,5.4e-05,55.0,0.00297
BRD/BTC,1544518971782,2018-12-11T09:02:51.782Z,buy,5.42e-05,24.0,0.0013008
BRD/BTC,1544518971782,2018-12-11T09:02:51.782Z,buy,5.421e-05,31.0,0.0016805099999999999
BRD/BTC,1544518987183,2018-12-11T09:03:07.183Z,buy,5.421e-05,41.0,0.00222261
BRD/BTC,1544518987183,2018-12-11T09:03:07.183Z,buy,5.421e-05,41.0,0.00222261
BRD/BTC,1544519111179,2018-12-11T09:05:11.179Z,sell,5.4e-05,34.0,0.001836
BRD/BTC,1544519159549,2018-12-11T09:05:59.549Z,buy,5.422e-05,26.0,0.00140972
BRD/BTC,1544520216606,2018-12-11T09:23:36.606Z,sell,5.4e-05,4.0,0.000216
BRD/BTC,1544520221657,2018-12-11T09:23:41.657Z,buy,5.374e-05,22.0,0.00118228
BRD/BTC,1544520341053,2018-12-11T09:25:41.053Z,buy,5.422e-05,184.0,0.00997648
BRD/BTC,1544520341622,2018-12-11T09:25:41.622Z,sell,5.375e-05,112.0,0.00602
BRD/BTC,1544520380705,2018-12-11T09:26:20.705Z,sell,5.375e-05,518.0,0.0278425
BRD/BTC,1544520384209,2018-12-11T09:26:24.209Z,sell,5.374e-05,194.0,0.010425559999999999
BRD/BTC,1544520716471,2018-12-11T09:31:56.471Z,sell,5.393e-05,104.0,0.00560872
BRD/BTC,1544521551807,2018-12-11T09:45:51.807Z,sell,5.398e-05,168.0,0.009068640000000001
BRD/BTC,1544521594343,2018-12-11T09:46:34.343Z,buy,5.412e-05,148.0,0.00800976
BRD/BTC,1544521595371,2018-12-11T09:46:35.371Z,buy,5.438e-05,187.0,0.010169059999999999
BRD/BTC,1544521596343,2018-12-11T09:46:36.343Z,buy,5.439e-05,53.0,0.00288267
BRD/BTC,1544521906142,2018-12-11T09:51:46.142Z,sell,5.401e-05,28.0,0.00151228
BRD/BTC,1544521907884,2018-12-11T09:51:47.884Z,sell,5.401e-05,417.0,0.02252217
BRD/BTC,1544521907884,2018-12-11T09:51:47.884Z,sell,5.401e-05,417.0,0.02252217
BRD/BTC,1544522763685,2018-12-11T10:06:03.685Z,sell,5.392e-05,192.0,0.01035264
BRD/BTC,1544522771197,2018-12-11T10:06:11.197Z,sell,5.391e-05,369.0,0.01989279
BRD/BTC,1544523580252,2018-12-11T10:19:40.252Z,sell,5.389e-05,128.0,0.00689792
BRD/BTC,1544523580252,2018-12-11T10:19:40.252Z,sell,5.375e-05,120.0,0.00645
BRD/BTC,1544523580252,2018-12-11T10:19:40.252Z,sell,5.373e-05,287.0,0.01542051
BRD/BTC,1544523581250,2018-12-11T10:19:41.250Z,sell,5.37e-05,108.0,0.005799599999999999
BRD/BTC,1544523581250,2018-12-11T10:19:41.250Z,sell,5.367e-05,186.0,0.00998262
BRD/BTC,1544523581250,2018-12-11T10:19:41.250Z,sell,5.365e-05,151.0,0.00810115
BRD/BTC,1544523581250,2018-12-11T10:19:41.250Z,sell,5.359e-05,1352.0,0.07245368
BRD/BTC,1544523582264,2018-12-11T10:19:42.264Z,sell,5.358e-05,83.0,0.00444714
BRD/BTC,1544523582264,2018-12-11T10:19:42.264Z,sell,5.352e-05,2546.0,0.13626192
BRD/BTC,1544523696380,2018-12-11T10:21:36.380Z,buy,5.405e-05,37.0,0.00199985
BRD/BTC,1544523950626,2018-12-11T10:25:50.626Z,sell,5.378e-05,43.0,0.0023125399999999996
BRD/BTC,1544523950997,2018-12-11T10:25:50.997Z,sell,5.378e-05,30.0,0.0016133999999999999
BRD/BTC,1544524253422,2018-12-11T10:30:53.422Z,sell,5.378e-05,60.0,0.0032267999999999997
BRD/BTC,1544524253613,2018-12-11T10:30:53.613Z,sell,5.378e-05,184.0,0.00989552
BRD/BTC,1544524718132,2018-12-11T10:38:38.132Z,sell,5.378e-05,66.0,0.00354948
BRD/BTC,1544525016046,2018-12-11T10:43:36.046Z,sell,5.378e-05,46.0,0.00247388
BRD/BTC,1544525139361,2018-12-11T10:45:39.361Z,sell,5.378e-05,170.0,0.009142599999999999
BRD/BTC,1544525190780,2018-12-11T10:46:30.780Z,sell,5.378e-05,23.0,0.00123694
BRD/BTC,1544525191024,2018-12-11T10:46:31.024Z,sell,5.378e-05,81.0,0.004356179999999999
BRD/BTC,1544525191192,2018-12-11T10:46:31.192Z,sell,5.378e-05,225.0,0.012100499999999998
BRD/BTC,1544525214774,2018-12-11T10:46:54.774Z,sell,5.353e-05,87.0,0.00465711
BRD/BTC,1544525416224,2018-12-11T10:50:16.224Z,sell,5.353e-05,19.0,0.00101707
BRD/BTC,1544525416224,2018-12-11T10:50:16.224Z,sell,5.352e-05,153.0,0.008188560000000001
BRD/BTC,1544525416224,2018-12-11T10:50:16.224Z,sell,5.353e-05,19.0,0.00101707
BRD/BTC,1544525416224,2018-12-11T10:50:16.224Z,sell,5.352e-05,153.0,0.008188560000000001
BRD/BTC,1544525762122,2018-12-11T10:56:02.122Z,buy,5.379e-05,153.0,0.00822987
BRD/BTC,1544526086788,2018-12-11T11:01:26.788Z,sell,5.352e-05,56.0,0.0029971200000000003
BRD/BTC,1544526092993,2018-12-11T11:01:32.993Z,sell,5.352e-05,38.0,0.00203376
BRD/BTC,1544526128018,2018-12-11T11:02:08.018Z,sell,5.352e-05,255.0,0.013647600000000001
BRD/BTC,1544526130526,2018-12-11T11:02:10.526Z,sell,5.352e-05,669.0,0.035804880000000004
BRD/BTC,1544526181577,2018-12-11T11:03:01.577Z,buy,5.332e-05,120.0,0.006398399999999999
BRD/BTC,1544527660733,2018-12-11T11:27:40.733Z,sell,5.329e-05,153.0,0.00815337
BRD/BTC,1544527672437,2018-12-11T11:27:52.437Z,sell,5.32e-05,24.0,0.0012768
BRD/BTC,1544527920035,2018-12-11T11:32:00.035Z,sell,5.338e-05,173.0,0.00923474
BRD/BTC,1544527920079,2018-12-11T11:32:00.079Z,buy,5.338e-05,50.0,0.002669
BRD/BTC,1544527920083,2018-12-11T11:32:00.083Z,buy,5.338e-05,210.0,0.0112098
BRD/BTC,1544527920450,2018-12-11T11:32:00.450Z,buy,5.338e-05,64.0,0.00341632
BRD/BTC,1544527920450,2018-12-11T11:32:00.450Z,buy,5.338e-05,64.0,0.00341632
BRD/BTC,1544529819796,2018-12-11T12:03:39.796Z,buy,5.365e-05,192.0,0.0103008
BRD/BTC,1544529819796,2018-12-11T12:03:39.796Z,buy,5.366e-05,868.0,0.04657688
BRD/BTC,1544529834924,2018-12-11T12:03:54.924Z,sell,5.333e-05,556.0,0.02965148
BRD/BTC,1544529834924,2018-12-11T12:03:54.924Z,sell,5.314e-05,12.0,0.0006376800000000001
BRD/BTC,1544529835141,2018-12-11T12:03:55.141Z,sell,5.314e-05,129.0,0.0068550600000000005
BRD/BTC,1544529835165,2018-12-11T12:03:55.165Z,sell,5.314e-05,170.0,0.0090338
BRD/BTC,1544529937178,2018-12-11T12:05:37.178Z,sell,5.323e-05,33.0,0.00175659
BRD/BTC,1544529942375,2018-12-11T12:05:42.375Z,buy,5.369e-05,33.0,0.00177177
BRD/BTC,1544529942375,2018-12-11T12:05:42.375Z,buy,5.37e-05,14.0,0.0007518
BRD/BTC,1544529952651,2018-12-11T12:05:52.651Z,sell,5.323e-05,33.0,0.00175659
BRD/BTC,1544530629246,2018-12-11T12:17:09.246Z,buy,5.365e-05,21.0,0.00112665
BRD/BTC,1544531271368,2018-12-11T12:27:51.368Z,sell,5.322e-05,312.0,0.01660464
BRD/BTC,1544531271403,2018-12-11T12:27:51.403Z,buy,5.322e-05,171.0,0.00910062
BRD/BTC,1544531271423,2018-12-11T12:27:51.423Z,buy,5.322e-05,312.0,0.01660464
BRD/BTC,1544531498252,2018-12-11T12:31:38.252Z,sell,5.314e-05,71.0,0.0037729400000000002
BRD/BTC,1544531498861,2018-12-11T12:31:38.861Z,buy,5.314e-05,85.0,0.0045169
BRD/BTC,1544531498987,2018-12-11T12:31:38.987Z,buy,5.314e-05,39.0,0.00207246
BRD/BTC,1544531501813,2018-12-11T12:31:41.813Z,buy,5.321e-05,151.0,0.00803471
BRD/BTC,1544531503833,2018-12-11T12:31:43.833Z,buy,5.322e-05,155.0,0.0082491
BRD/BTC,1544531517549,2018-12-11T12:31:57.549Z,buy,5.354e-05,98.0,0.0052469199999999995
BRD/BTC,1544531517549,2018-12-11T12:31:57.549Z,buy,5.354e-05,98.0,0.0052469199999999995
BRD/BTC,1544531757079,2018-12-11T12:35:57.079Z,sell,5.323e-05,32.0,0.00170336
BRD/BTC,1544531941810,2018-12-11T12:39:01.810Z,buy,5.363e-05,97.0,0.00520211
BRD/BTC,1544532322361,2018-12-11T12:45:22.361Z,sell,5.322e-05,273.0,0.01452906
BRD/BTC,1544533684268,2018-12-11T13:08:04.268Z,sell,5.322e-05,122.0,0.006492840000000001
BRD/BTC,1544533684314,2018-12-11T13:08:04.314Z,buy,5.322e-05,278.0,0.01479516
BRD/BTC,1544533695037,2018-12-11T13:08:15.037Z,buy,5.322e-05,1071.0,0.05699862
BRD/BTC,1544534101956,2018-12-11T13:15:01.956Z,buy,5.363e-05,85.0,0.00455855
BRD/BTC,1544534102978,2018-12-11T13:15:02.978Z,buy,5.365e-05,42.0,0.0022533
BRD/BTC,1544534111948,2018-12-11T13:15:11.948Z,buy,5.365e-05,102.0,0.0054723
BRD/BTC,1544534373622,2018-12-11T13:19:33.622Z,buy,5.365e-05,95.0,0.005096750000000001
BRD/BTC,1544534374933,2018-12-11T13:19:34.933Z,buy,5.365e-05,95.0,0.005096750000000001
BRD/BTC,1544535005611,2018-12-11T13:30:05.611Z,sell,5.338e-05,585.0,0.0312273
BRD/BTC,1544535005611,2018-12-11T13:30:05.611Z,sell,5.338e-05,585.0,0.0312273
BRD/BTC,1544535457204,2018-12-11T13:37:37.204Z,buy,5.338e-05,199.0,0.01062262
BRD/BTC,1544535652360,2018-12-11T13:40:52.360Z,buy,5.365e-05,85.0,0.00456025
BRD/BTC,1544536044203,2018-12-11T13:47:24.203Z,sell,5.34e-05,309.0,0.0165006
BRD/BTC,1544536044203,2018-12-11T13:47:24.203Z,sell,5.338e-05,398.0,0.02124524
BRD/BTC,1544536045275,2018-12-11T13:47:25.275Z,buy,5.338e-05,93.0,0.00496434
BRD/BTC,1544536057868,2018-12-11T13:47:37.868Z,sell,5.338e-05,186.0,0.00992868
BRD/BTC,1544536281159,2018-12-11T13:51:21.159Z,sell,5.326e-05,150.0,0.007989
BRD/BTC,1544536281159,2018-12-11T13:51:21.159Z,sell,5.315e-05,880.0,0.046772
BRD/BTC,1544536281159,2018-12-11T13:51:21.159Z,sell,5.314e-05,416.0,0.022106240000000003
BRD/BTC,1544536281159,2018-12-11T13:51:21.159Z,sell,5.302e-05,122.0,0.00646844
BRD/BTC,1544536281188,2018-12-11T13:51:21.188Z,buy,5.3e-05,130.0,0.00689
BRD/BTC,1544536281188,2018-12-11T13:51:21.188Z,buy,5.314e-05,12.0,0.0006376800000000001
BRD/BTC,1544536294757,2018-12-11T13:51:34.757Z,sell,5.307e-05,257.0,0.01363899
BRD/BTC,1544536294757,2018-12-11T13:51:34.757Z,sell,5.301e-05,472.0,0.02502072
BRD/BTC,1544536312314,2018-12-11T13:51:52.314Z,buy,5.303e-05,127.0,0.00673481
BRD/BTC,1544536312315,2018-12-11T13:51:52.315Z,buy,5.303e-05,126.0,0.00668178
BRD/BTC,1544536313901,2018-12-11T13:51:53.901Z,buy,5.303e-05,295.0,0.01564385
BRD/BTC,1544536324540,2018-12-11T13:52:04.540Z,sell,5.315e-05,582.0,0.030933299999999997
BRD/BTC,1544536429816,2018-12-11T13:53:49.816Z,sell,5.315e-05,164.0,0.0087166
BRD/BTC,1544536932335,2018-12-11T14:02:12.335Z,sell,5.289e-05,190.0,0.0100491
BRD/BTC,1544537612015,2018-12-11T14:13:32.015Z,sell,5.288e-05,38.0,0.00200944
BRD/BTC,1544537612015,2018-12-11T14:13:32.015Z,sell,5.274e-05,72.0,0.00379728
BRD/BTC,1544537725275,2018-12-11T14:15:25.275Z,sell,5.276e-05,21.0,0.00110796
BRD/BTC,1544537979013,2018-12-11T14:19:39.013Z,buy,5.338e-05,98.0,0.00523124
BRD/BTC,1544538525733,2018-12-11T14:28:45.733Z,sell,5.272e-05,29.0,0.0015288799999999998
BRD/BTC,1544538525733,2018-12-11T14:28:45.733Z,sell,5.27e-05,19.0,0.0010013
BRD/BTC,1544538526521,2018-12-11T14:28:46.521Z,buy,5.27e-05,1893.0,0.0997611
BRD/BTC,1544538527018,2018-12-11T14:28:47.018Z,sell,5.27e-05,287.0,0.0151249
BRD/BTC,1544538527018,2018-12-11T14:28:47.018Z,sell,5.27e-05,287.0,0.0151249
BRD/BTC,1544538649527,2018-12-11T14:30:49.527Z,buy,5.3e-05,416.0,0.022048
BRD/BTC,1544539826589,2018-12-11T14:50:26.589Z,sell,5.301e-05,171.0,0.00906471
BRD/BTC,1544539834666,2018-12-11T14:50:34.666Z,buy,5.331e-05,27.0,0.0014393700000000001
BRD/BTC,1544540443299,2018-12-11T15:00:43.299Z,buy,5.323e-05,25.0,0.00133075
BRD/BTC,1544540532697,2018-12-11T15:02:12.697Z,buy,5.323e-05,40.0,0.0021292
BRD/BTC,1544540688808,2018-12-11T15:04:48.808Z,sell,5.301e-05,150.0,0.0079515
BRD/BTC,1544540688808,2018-12-11T15:04:48.808Z,sell,5.258e-05,36.0,0.00189288
BRD/BTC,1544540688808,2018-12-11T15:04:48.808Z,sell,5.301e-05,150.0,0.0079515
BRD/BTC,1544540688808,2018-12-11T15:04:48.808Z,sell,5.258e-05,36.0,0.00189288
BRD/BTC,1544543334310,2018-12-11T15:48:54.310Z,sell,5.299e-05,50.0,0.0026495
BRD/BTC,1544543336374,2018-12-11T15:48:56.374Z,buy,5.335e-05,19.0,0.00101365
BRD/BTC,1544544284553,2018-12-11T16:04:44.553Z,buy,5.327e-05,154.0,0.00820358
BRD/BTC,1544544284553,2018-12-11T16:04:44.553Z,buy,5.327e-05,154.0,0.00820358
BRD/BTC,1544544549050,2018-12-11T16:09:09.050Z,buy,5.329e-05,148.0,0.00788692
BRD/BTC,1544544549050,2018-12-11T16:09:09.050Z,buy,5.33e-05,317.0,0.0168961
BRD/BTC,1544546105432,2018-12-11T16:35:05.432Z,buy,5.315e-05,19.0,0.0010098499999999999
BRD/BTC,1544546153291,2018-12-11T16:35:53.291Z,buy,5.315e-05,352.0,0.018708799999999998
BRD/BTC,1544547688727,2018-12-11T17:01:28.727Z,sell,5.315e-05,75.0,0.00398625
BRD/BTC,1544547688727,2018-12-11T17:01:28.727Z,sell,5.315e-05,75.0,0.00398625
BRD/BTC,1544548931576,2018-12-11T17:22:11.576Z,buy,5.334e-05,25.0,0.0013335
BRD/BTC,1544548932580,2018-12-11T17:22:12.580Z,buy,5.335e-05,88.0,0.0046948
BRD/BTC,1544548954034,2018-12-11T17:22:34.034Z,buy,5.335e-05,54.0,0.0028809
BRD/BTC,1544549013592,2018-12-11T17:23:33.592Z,buy,5.338e-05,19.0,0.00101422
BRD/BTC,1544549020843,2018-12-11T17:23:40.843Z,buy,5.339e-05,122.0,0.006513580000000001
BRD/BTC,1544549137606,2018-12-11T17:25:37.606Z,buy,5.35e-05,556.0,0.029745999999999998
BRD/BTC,1544549137700,2018-12-11T17:25:37.700Z,sell,5.35e-05,21.0,0.0011235
BRD/BTC,1544549139619,2018-12-11T17:25:39.619Z,buy,5.36e-05,38.0,0.0020368
BRD/BTC,1544549142626,2018-12-11T17:25:42.626Z,buy,5.36e-05,54.0,0.0028944
BRD/BTC,1544549152453,2018-12-11T17:25:52.453Z,buy,5.36e-05,185.0,0.009916000000000001
BRD/BTC,1544549422473,2018-12-11T17:30:22.473Z,sell,5.342e-05,174.0,0.00929508
BRD/BTC,1544549422593,2018-12-11T17:30:22.593Z,sell,5.341e-05,116.0,0.00619556
BRD/BTC,1544549422679,2018-12-11T17:30:22.679Z,sell,5.34e-05,117.0,0.0062477999999999995
BRD/BTC,1544550022356,2018-12-11T17:40:22.356Z,sell,5.34e-05,1046.0,0.055856399999999994
BRD/BTC,1544550747577,2018-12-11T17:52:27.577Z,buy,5.36e-05,93.0,0.0049848
BRD/BTC,1544550747577,2018-12-11T17:52:27.577Z,buy,5.36e-05,93.0,0.0049848
BRD/BTC,1544552169931,2018-12-11T18:16:09.931Z,buy,5.345e-05,548.0,0.0292906
BRD/BTC,1544552243938,2018-12-11T18:17:23.938Z,buy,5.346e-05,55.0,0.0029403
BRD/BTC,1544552865063,2018-12-11T18:27:45.063Z,sell,5.346e-05,2.0,0.00010692
BRD/BTC,1544552892010,2018-12-11T18:28:12.010Z,buy,5.346e-05,24.0,0.00128304
BRD/BTC,1544554112986,2018-12-11T18:48:32.986Z,sell,5.346e-05,119.0,0.00636174
BRD/BTC,1544554112986,2018-12-11T18:48:32.986Z,sell,5.346e-05,119.0,0.00636174
BRD/BTC,1544554636391,2018-12-11T18:57:16.391Z,buy,5.359e-05,148.0,0.00793132
BRD/BTC,1544554636391,2018-12-11T18:57:16.391Z,buy,5.363e-05,296.0,0.01587448
BRD/BTC,1544554636411,2018-12-11T18:57:16.411Z,sell,5.363e-05,168.0,0.00900984
BRD/BTC,1544554782602,2018-12-11T18:59:42.602Z,buy,5.364e-05,149.0,0.00799236
BRD/BTC,1544554782602,2018-12-11T18:59:42.602Z,buy,5.365e-05,426.0,0.0228549
BRD/BTC,1544554879201,2018-12-11T19:01:19.201Z,sell,5.365e-05,200.0,0.01073
BRD/BTC,1544554887321,2018-12-11T19:01:27.321Z,buy,5.365e-05,200.0,0.01073
BRD/BTC,1544554894498,2018-12-11T19:01:34.498Z,sell,5.365e-05,160.0,0.008584000000000001
BRD/BTC,1544554895207,2018-12-11T19:01:35.207Z,sell,5.365e-05,40.0,0.0021460000000000003
BRD/BTC,1544554906979,2018-12-11T19:01:46.979Z,buy,5.365e-05,40.0,0.0021460000000000003
BRD/BTC,1544554907211,2018-12-11T19:01:47.211Z,sell,5.365e-05,160.0,0.008584000000000001
BRD/BTC,1544554913587,2018-12-11T19:01:53.587Z,buy,5.365e-05,160.0,0.008584000000000001
BRD/BTC,1544554914212,2018-12-11T19:01:54.212Z,sell,5.365e-05,40.0,0.0021460000000000003
BRD/BTC,1544554921043,2018-12-11T19:02:01.043Z,buy,5.365e-05,40.0,0.0021460000000000003
BRD/BTC,1544554921211,2018-12-11T19:02:01.211Z,sell,5.365e-05,248.0,0.013305200000000001
BRD/BTC,1544554935754,2018-12-11T19:02:15.754Z,buy,5.365e-05,445.0,0.02387425
BRD/BTC,1544554936215,2018-12-11T19:02:16.215Z,sell,5.365e-05,139.0,0.007457350000000001
BRD/BTC,1544554988934,2018-12-11T19:03:08.934Z,buy,5.365e-05,139.0,0.007457350000000001
BRD/BTC,1544554988934,2018-12-11T19:03:08.934Z,buy,5.377e-05,108.0,0.0058071600000000004
BRD/BTC,1544554988934,2018-12-11T19:03:08.934Z,buy,5.379e-05,155.0,0.00833745
BRD/BTC,1544554988934,2018-12-11T19:03:08.934Z,buy,5.384e-05,98.0,0.00527632
BRD/BTC,1544556399771,2018-12-11T19:26:39.771Z,buy,5.393e-05,58.0,0.00312794
BRD/BTC,1544556399821,2018-12-11T19:26:39.821Z,sell,5.386e-05,37.0,0.00199282
BRD/BTC,1544556445658,2018-12-11T19:27:25.658Z,buy,5.393e-05,22.0,0.00118646
BRD/BTC,1544556503948,2018-12-11T19:28:23.948Z,buy,5.386e-05,88.0,0.0047396800000000005
BRD/BTC,1544556503970,2018-12-11T19:28:23.970Z,sell,5.386e-05,625.0,0.033662500000000005
BRD/BTC,1544556503972,2018-12-11T19:28:23.972Z,sell,5.386e-05,38.0,0.00204668
BRD/BTC,1544556503972,2018-12-11T19:28:23.972Z,sell,5.347e-05,187.0,0.00999889
BRD/BTC,1544556503972,2018-12-11T19:28:23.972Z,sell,5.331e-05,345.0,0.01839195
BRD/BTC,1544556503972,2018-12-11T19:28:23.972Z,sell,5.329e-05,56.0,0.00298424
BRD/BTC,1544557162157,2018-12-11T19:39:22.157Z,buy,5.329e-05,23.0,0.0012256699999999999
BRD/BTC,1544557214462,2018-12-11T19:40:14.462Z,buy,5.329e-05,93.0,0.00495597
BRD/BTC,1544557218146,2018-12-11T19:40:18.146Z,buy,5.329e-05,40.0,0.0021316
BRD/BTC,1544557218146,2018-12-11T19:40:18.146Z,buy,5.361e-05,53.0,0.00284133
BRD/BTC,1544557708304,2018-12-11T19:48:28.304Z,sell,5.319e-05,765.0,0.04069035
BRD/BTC,1544557708304,2018-12-11T19:48:28.304Z,sell,5.319e-05,765.0,0.04069035
BRD/BTC,1544558072604,2018-12-11T19:54:32.604Z,sell,5.317e-05,500.0,0.026585
BRD/BTC,1544558075399,2018-12-11T19:54:35.399Z,sell,5.315e-05,750.0,0.039862499999999995
BRD/BTC,1544558080267,2018-12-11T19:54:40.267Z,sell,5.315e-05,107.0,0.00568705
BRD/BTC,1544558093798,2018-12-11T19:54:53.798Z,buy,5.328e-05,22.0,0.00117216
BRD/BTC,1544558093902,2018-12-11T19:54:53.902Z,buy,5.328e-05,22.0,0.00117216
BRD/BTC,1544558121901,2018-12-11T19:55:21.901Z,buy,5.328e-05,40.0,0.0021311999999999998
BRD/BTC,1544558121901,2018-12-11T19:55:21.901Z,buy,5.342e-05,187.0,0.00998954
BRD/BTC,1544558121901,2018-12-11T19:55:21.901Z,buy,5.347e-05,232.0,0.01240504
BRD/BTC,1544558121906,2018-12-11T19:55:21.906Z,buy,5.347e-05,18.0,0.00096246
BRD/BTC,1544558121989,2018-12-11T19:55:21.989Z,buy,5.356e-05,61.0,0.0032671600000000003
BRD/BTC,1544558150011,2018-12-11T19:55:50.011Z,buy,5.355e-05,37.0,0.00198135
BRD/BTC,1544558295276,2018-12-11T19:58:15.276Z,sell,5.314e-05,274.0,0.014560360000000001
BRD/BTC,1544558295276,2018-12-11T19:58:15.276Z,sell,5.313e-05,83.0,0.00440979
BRD/BTC,1544558295997,2018-12-11T19:58:15.997Z,sell,5.304e-05,77.0,0.00408408
BRD/BTC,1544558704381,2018-12-11T20:05:04.381Z,buy,5.309e-05,154.0,0.00817586
BRD/BTC,1544558714604,2018-12-11T20:05:14.604Z,buy,5.309e-05,74.0,0.0039286600000000005
BRD/BTC,1544558718599,2018-12-11T20:05:18.599Z,buy,5.308e-05,46.0,0.00244168
BRD/BTC,1544558720607,2018-12-11T20:05:20.607Z,buy,5.31e-05,308.0,0.016354800000000003
BRD/BTC,1544558722621,2018-12-11T20:05:22.621Z,buy,5.311e-05,373.0,0.01981003
BRD/BTC,1544558723610,2018-12-11T20:05:23.610Z,buy,5.323e-05,63.0,0.0033534899999999998
BRD/BTC,1544558727602,2018-12-11T20:05:27.602Z,buy,5.323e-05,20.0,0.0010646
BRD/BTC,1544558979497,2018-12-11T20:09:39.497Z,sell,5.323e-05,37.0,0.00196951
BRD/BTC,1544559893385,2018-12-11T20:24:53.385Z,sell,5.323e-05,3.0,0.00015968999999999998
BRD/BTC,1544559893742,2018-12-11T20:24:53.742Z,buy,5.323e-05,97.0,0.00516331
BRD/BTC,1544559893793,2018-12-11T20:24:53.793Z,sell,5.323e-05,108.0,0.00574884
BRD/BTC,1544559893862,2018-12-11T20:24:53.862Z,sell,5.323e-05,86.0,0.00457778
BRD/BTC,1544559893862,2018-12-11T20:24:53.862Z,sell,5.299e-05,86.0,0.00455714
BRD/BTC,1544560660842,2018-12-11T20:37:40.842Z,buy,5.34e-05,444.0,0.023709599999999997
BRD/BTC,1544560661001,2018-12-11T20:37:41.001Z,sell,5.34e-05,24.0,0.0012816
BRD/BTC,1544560845015,2018-12-11T20:40:45.015Z,buy,5.361e-05,3.0,0.00016083
BRD/BTC,1544560845015,2018-12-11T20:40:45.015Z,buy,5.38e-05,183.0,0.0098454
BRD/BTC,1544560845015,2018-12-11T20:40:45.015Z,buy,5.361e-05,3.0,0.00016083
BRD/BTC,1544560845015,2018-12-11T20:40:45.015Z,buy,5.38e-05,183.0,0.0098454
BRD/BTC,1544561419719,2018-12-11T20:50:19.719Z,sell,5.341e-05,283.0,0.01511503
BRD/BTC,1544561491721,2018-12-11T20:51:31.721Z,sell,5.342e-05,89.0,0.00475438
BRD/BTC,1544561638075,2018-12-11T20:53:58.075Z,sell,5.339e-05,53.0,0.0028296700000000003
BRD/BTC,1544561658095,2018-12-11T20:54:18.095Z,sell,5.334e-05,200.0,0.010668
BRD/BTC,1544561903139,2018-12-11T20:58:23.139Z,sell,5.323e-05,100.0,0.005323
BRD/BTC,1544562070690,2018-12-11T21:01:10.690Z,sell,5.323e-05,100.0,0.005323
BRD/BTC,1544563832356,2018-12-11T21:30:32.356Z,buy,5.361e-05,28.0,0.00150108
BRD/BTC,1544563832356,2018-12-11T21:30:32.356Z,buy,5.361e-05,28.0,0.00150108
BRD/BTC,1544564722660,2018-12-11T21:45:22.660Z,buy,5.35e-05,255.0,0.0136425
BRD/BTC,1544564722747,2018-12-11T21:45:22.747Z,buy,5.351e-05,21.0,0.00112371
BRD/BTC,1544564722852,2018-12-11T21:45:22.852Z,buy,5.351e-05,21.0,0.00112371
BRD/BTC,1544564722958,2018-12-11T21:45:22.958Z,buy,5.351e-05,21.0,0.00112371
BRD/BTC,1544564723185,2018-12-11T21:45:23.185Z,buy,5.351e-05,21.0,0.00112371
BRD/BTC,1544564723285,2018-12-11T21:45:23.285Z,buy,5.351e-05,21.0,0.00112371
BRD/BTC,1544564723370,2018-12-11T21:45:23.370Z,buy,5.351e-05,21.0,0.00112371
BRD/BTC,1544564723487,2018-12-11T21:45:23.487Z,buy,5.351e-05,21.0,0.00112371
BRD/BTC,1544564723584,2018-12-11T21:45:23.584Z,buy,5.351e-05,21.0,0.00112371
BRD/BTC,1544564723699,2018-12-11T21:45:23.699Z,buy,5.351e-05,21.0,0.00112371
BRD/BTC,1544566334129,2018-12-11T22:12:14.129Z,sell,5.31e-05,125.0,0.0066375
BRD/BTC,1544566456071,2018-12-11T22:14:16.071Z,sell,5.312e-05,157.0,0.00833984
BRD/BTC,1544566456071,2018-12-11T22:14:16.071Z,sell,5.311e-05,43.0,0.00228373
BRD/BTC,1544566476341,2018-12-11T22:14:36.341Z,buy,5.348e-05,125.0,0.006685
BRD/BTC,1544566476367,2018-12-11T22:14:36.367Z,buy,5.349e-05,210.0,0.011232899999999999
BRD/BTC,1544566476416,2018-12-11T22:14:36.416Z,buy,5.349e-05,47.0,0.00251403
BRD/BTC,1544566476416,2018-12-11T22:14:36.416Z,buy,5.351e-05,11.0,0.00058861
BRD/BTC,1544566476416,2018-12-11T22:14:36.416Z,buy,5.353e-05,53.0,0.00283709
BRD/BTC,1544566479489,2018-12-11T22:14:39.489Z,sell,5.312e-05,209.0,0.01110208
BRD/BTC,1544567178922,2018-12-11T22:26:18.922Z,sell,5.315e-05,31.0,0.0016476499999999999
BRD/BTC,1544567178922,2018-12-11T22:26:18.922Z,sell,5.315e-05,31.0,0.0016476499999999999
BRD/BTC,1544567785511,2018-12-11T22:36:25.511Z,sell,5.314e-05,150.0,0.007971
BRD/BTC,1544567788041,2018-12-11T22:36:28.041Z,sell,5.313e-05,150.0,0.007969500000000001
BRD/BTC,1544567941172,2018-12-11T22:39:01.172Z,buy,5.355e-05,240.0,0.012852
BRD/BTC,1544567941204,2018-12-11T22:39:01.204Z,sell,5.355e-05,40.0,0.002142
BRD/BTC,1544567941254,2018-12-11T22:39:01.254Z,sell,5.309e-05,40.0,0.0021236000000000002
BRD/BTC,1544568133719,2018-12-11T22:42:13.719Z,sell,5.315e-05,38.0,0.0020196999999999997
BRD/BTC,1544568421888,2018-12-11T22:47:01.888Z,sell,5.315e-05,198.0,0.010523699999999999
BRD/BTC,1544568421888,2018-12-11T22:47:01.888Z,sell,5.309e-05,19.0,0.0010087100000000001
BRD/BTC,1544568421888,2018-12-11T22:47:01.888Z,sell,5.301e-05,37.0,0.00196137
BRD/BTC,1544568421888,2018-12-11T22:47:01.888Z,sell,5.315e-05,198.0,0.010523699999999999
BRD/BTC,1544568421888,2018-12-11T22:47:01.888Z,sell,5.309e-05,19.0,0.0010087100000000001
BRD/BTC,1544568421888,2018-12-11T22:47:01.888Z,sell,5.301e-05,37.0,0.00196137
BRD/BTC,1544571770917,2018-12-11T23:42:50.917Z,buy,5.301e-05,50.0,0.0026505
BRD/BTC,1544571770917,2018-12-11T23:42:50.917Z,buy,5.301e-05,50.0,0.0026505
BRD/BTC,1544572046956,2018-12-11T23:47:26.956Z,sell,5.303e-05,19.0,0.00100757
BRD/BTC,1544572052278,2018-12-11T23:47:32.278Z,sell,5.301e-05,19.0,0.00100719
BRD/BTC,1544573085117,2018-12-12T00:04:45.117Z,sell,5.301e-05,383.0,0.02030283
BRD/BTC,1544574520663,2018-12-12T00:28:40.663Z,sell,5.319e-05,182.0,0.00968058
BRD/BTC,1544574520684,2018-12-12T00:28:40.684Z,sell,5.319e-05,26.0,0.00138294
BRD/BTC,1544574626173,2018-12-12T00:30:26.173Z,buy,5.345e-05,74.0,0.0039553
BRD/BTC,1544575061349,2018-12-12T00:37:41.349Z,sell,5.3e-05,85.0,0.004505
BRD/BTC,1544575061349,2018-12-12T00:37:41.349Z,sell,5.3e-05,85.0,0.004505
BRD/BTC,1544575872514,2018-12-12T00:51:12.514Z,sell,5.304e-05,367.0,0.01946568
BRD/BTC,1544575872514,2018-12-12T00:51:12.514Z,sell,5.3e-05,831.0,0.044043
BRD/BTC,1544575872514,2018-12-12T00:51:12.514Z,sell,5.299e-05,322.0,0.01706278
BRD/BTC,1544575872514,2018-12-12T00:51:12.514Z,sell,5.285e-05,122.0,0.0064477
BRD/BTC,1544575873331,2018-12-12T00:51:13.331Z,buy,5.285e-05,33.0,0.0017440499999999998
BRD/BTC,1544575889091,2018-12-12T00:51:29.091Z,sell,5.282e-05,50.0,0.002641
BRD/BTC,1544577979778,2018-12-12T01:26:19.778Z,buy,5.282e-05,40.0,0.0021127999999999997
BRD/BTC,1544578518391,2018-12-12T01:35:18.391Z,buy,5.297e-05,24.0,0.00127128
BRD/BTC,1544578518391,2018-12-12T01:35:18.391Z,buy,5.297e-05,24.0,0.00127128
BRD/BTC,1544579449164,2018-12-12T01:50:49.164Z,sell,5.297e-05,94.0,0.004979180000000001
BRD/BTC,1544579449164,2018-12-12T01:50:49.164Z,sell,5.275e-05,17.0,0.00089675
BRD/BTC,1544580407207,2018-12-12T02:06:47.207Z,buy,5.301e-05,28.0,0.0014842800000000001
BRD/BTC,1544580418117,2018-12-12T02:06:58.117Z,buy,5.301e-05,76.0,0.00402876
BRD/BTC,1544581206765,2018-12-12T02:20:06.765Z,sell,5.275e-05,35.0,0.00184625
BRD/BTC,1544581247252,2018-12-12T02:20:47.252Z,sell,5.275e-05,84.0,0.004431
BRD/BTC,1544581247907,2018-12-12T02:20:47.907Z,buy,5.275e-05,355.0,0.01872625
BRD/BTC,1544581248550,2018-12-12T02:20:48.550Z,sell,5.265e-05,208.0,0.0109512
BRD/BTC,1544581251482,2018-12-12T02:20:51.482Z,buy,5.302e-05,75.0,0.0039765
BRD/BTC,1544581264180,2018-12-12T02:21:04.180Z,sell,5.275e-05,50.0,0.0026375
BRD/BTC,1544581405738,2018-12-12T02:23:25.738Z,sell,5.275e-05,44.0,0.002321
BRD/BTC,1544581405738,2018-12-12T02:23:25.738Z,sell,5.275e-05,44.0,0.002321
BRD/BTC,1544582391160,2018-12-12T02:39:51.160Z,sell,5.28e-05,25.0,0.00132
BRD/BTC,1544582994694,2018-12-12T02:49:54.694Z,sell,5.281e-05,151.0,0.00797431
BRD/BTC,1544582994694,2018-12-12T02:49:54.694Z,sell,5.28e-05,862.0,0.0455136
BRD/BTC,1544582994694,2018-12-12T02:49:54.694Z,sell,5.275e-05,191.0,0.010075250000000001
BRD/BTC,1544582994694,2018-12-12T02:49:54.694Z,sell,5.258e-05,4.0,0.00021032
BRD/BTC,1544582994694,2018-12-12T02:49:54.694Z,sell,5.251e-05,713.0,0.037439629999999995
BRD/BTC,1544582994694,2018-12-12T02:49:54.694Z,sell,5.25e-05,1144.0,0.06006
BRD/BTC,1544582994694,2018-12-12T02:49:54.694Z,sell,5.239e-05,690.0,0.036149099999999997
BRD/BTC,1544582994694,2018-12-12T02:49:54.694Z,sell,5.231e-05,26.0,0.00136006
BRD/BTC,1544582994694,2018-12-12T02:49:54.694Z,sell,5.227e-05,1001.0,0.05232227
BRD/BTC,1544582994694,2018-12-12T02:49:54.694Z,sell,5.214e-05,1305.0,0.0680427
BRD/BTC,1544582994694,2018-12-12T02:49:54.694Z,sell,5.212e-05,201.0,0.01047612
BRD/BTC,1544582994694,2018-12-12T02:49:54.694Z,sell,5.201e-05,672.0,0.03495072
BRD/BTC,1544582994694,2018-12-12T02:49:54.694Z,sell,5.2e-05,379.0,0.019708
BRD/BTC,1544582994694,2018-12-12T02:49:54.694Z,sell,5.199e-05,192.0,0.00998208
BRD/BTC,1544582994694,2018-12-12T02:49:54.694Z,sell,5.191e-05,1314.0,0.06820974
BRD/BTC,1544582994694,2018-12-12T02:49:54.694Z,sell,5.177e-05,154.0,0.00797258
BRD/BTC,1544582994694,2018-12-12T02:49:54.694Z,sell,5.176e-05,1192.0,0.061697919999999996
BRD/BTC,1544582994694,2018-12-12T02:49:54.694Z,sell,5.172e-05,52.0,0.00268944
BRD/BTC,1544582994694,2018-12-12T02:49:54.694Z,sell,5.167e-05,981.0,0.05068827
BRD/BTC,1544582994721,2018-12-12T02:49:54.721Z,buy,5.22e-05,150.0,0.00783
BRD/BTC,1544582994721,2018-12-12T02:49:54.721Z,buy,5.22e-05,1048.0,0.0547056
BRD/BTC,1544582994721,2018-12-12T02:49:54.721Z,buy,5.302e-05,10.0,0.0005302
BRD/BTC,1544582995609,2018-12-12T02:49:55.609Z,buy,5.249e-05,30.0,0.0015747
BRD/BTC,1544582996907,2018-12-12T02:49:56.907Z,buy,5.213e-05,122.0,0.006359859999999999
BRD/BTC,1544582996907,2018-12-12T02:49:56.907Z,buy,5.223e-05,50.0,0.0026115
BRD/BTC,1544582997551,2018-12-12T02:49:57.551Z,sell,5.213e-05,20.0,0.0010425999999999999
BRD/BTC,1544582997864,2018-12-12T02:49:57.864Z,sell,5.213e-05,82.0,0.00427466
BRD/BTC,1544582998059,2018-12-12T02:49:58.059Z,sell,5.213e-05,92.0,0.00479596
BRD/BTC,1544583001783,2018-12-12T02:50:01.783Z,buy,5.247e-05,124.0,0.00650628
BRD/BTC,1544583004158,2018-12-12T02:50:04.158Z,sell,5.214e-05,26.0,0.00135564
BRD/BTC,1544583004158,2018-12-12T02:50:04.158Z,sell,5.213e-05,65.0,0.00338845
BRD/BTC,1544583007586,2018-12-12T02:50:07.586Z,buy,5.243e-05,58.0,0.00304094
BRD/BTC,1544583007677,2018-12-12T02:50:07.677Z,buy,5.243e-05,516.0,0.02705388
BRD/BTC,1544583008256,2018-12-12T02:50:08.256Z,buy,5.244e-05,114.0,0.00597816
BRD/BTC,1544583008799,2018-12-12T02:50:08.799Z,buy,5.244e-05,114.0,0.00597816
BRD/BTC,1544583008903,2018-12-12T02:50:08.903Z,buy,5.244e-05,96.0,0.00503424
BRD/BTC,1544583008959,2018-12-12T02:50:08.959Z,buy,5.244e-05,76.0,0.00398544
BRD/BTC,1544583009024,2018-12-12T02:50:09.024Z,buy,5.244e-05,95.0,0.0049818
BRD/BTC,1544583009346,2018-12-12T02:50:09.346Z,buy,5.244e-05,76.0,0.00398544
BRD/BTC,1544583009699,2018-12-12T02:50:09.699Z,buy,5.244e-05,114.0,0.00597816
BRD/BTC,1544583010103,2018-12-12T02:50:10.103Z,buy,5.244e-05,95.0,0.0049818
BRD/BTC,1544583010115,2018-12-12T02:50:10.115Z,buy,5.244e-05,83.0,0.00435252
BRD/BTC,1544583010298,2018-12-12T02:50:10.298Z,sell,5.215e-05,51.0,0.00265965
BRD/BTC,1544583010454,2018-12-12T02:50:10.454Z,buy,5.244e-05,88.0,0.00461472
BRD/BTC,1544583012184,2018-12-12T02:50:12.184Z,buy,5.283e-05,367.0,0.01938861
BRD/BTC,1544583012184,2018-12-12T02:50:12.184Z,buy,5.301e-05,199.0,0.010548990000000001
BRD/BTC,1544583014115,2018-12-12T02:50:14.115Z,buy,5.28e-05,30.0,0.0015840000000000001
BRD/BTC,1544583019116,2018-12-12T02:50:19.116Z,buy,5.269e-05,752.0,0.03962288
BRD/BTC,1544583023306,2018-12-12T02:50:23.306Z,buy,5.301e-05,53.0,0.00280953
BRD/BTC,1544583023364,2018-12-12T02:50:23.364Z,sell,5.252e-05,71.0,0.0037289199999999997
BRD/BTC,1544583028107,2018-12-12T02:50:28.107Z,buy,5.269e-05,249.0,0.013119809999999999
BRD/BTC,1544583029029,2018-12-12T02:50:29.029Z,sell,5.252e-05,23.0,0.00120796
BRD/BTC,1544583043846,2018-12-12T02:50:43.846Z,sell,5.258e-05,159.0,0.00836022
BRD/BTC,1544583052806,2018-12-12T02:50:52.806Z,sell,5.268e-05,201.0,0.01058868
BRD/BTC,1544583052806,2018-12-12T02:50:52.806Z,sell,5.267e-05,9.0,0.00047403
BRD/BTC,1544583063487,2018-12-12T02:51:03.487Z,sell,5.269e-05,50.0,0.0026345
BRD/BTC,1544583063505,2018-12-12T02:51:03.505Z,sell,5.269e-05,89.0,0.00468941
BRD/BTC,1544583101234,2018-12-12T02:51:41.234Z,sell,5.273e-05,24.0,0.00126552
BRD/BTC,1544583102110,2018-12-12T02:51:42.110Z,buy,5.273e-05,167.0,0.00880591
BRD/BTC,1544583370199,2018-12-12T02:56:10.199Z,sell,5.253e-05,32.0,0.00168096
BRD/BTC,1544583686289,2018-12-12T03:01:26.289Z,sell,5.253e-05,165.0,0.00866745
BRD/BTC,1544584514189,2018-12-12T03:15:14.189Z,sell,5.253e-05,25.0,0.00131325
BRD/BTC,1544584515278,2018-12-12T03:15:15.278Z,buy,5.253e-05,709.0,0.03724377
BRD/BTC,1544584515278,2018-12-12T03:15:15.278Z,buy,5.253e-05,709.0,0.03724377
BRD/BTC,1544585671752,2018-12-12T03:34:31.752Z,buy,5.288e-05,139.0,0.0073503200000000005
BRD/BTC,1544585671752,2018-12-12T03:34:31.752Z,buy,5.289e-05,154.0,0.008145059999999999
BRD/BTC,1544585671752,2018-12-12T03:34:31.752Z,buy,5.291e-05,41.0,0.00216931
BRD/BTC,1544585671752,2018-12-12T03:34:31.752Z,buy,5.293e-05,103.0,0.005451790000000001
BRD/BTC,1544585671752,2018-12-12T03:34:31.752Z,buy,5.294e-05,12.0,0.00063528
BRD/BTC,1544585714486,2018-12-12T03:35:14.486Z,sell,5.244e-05,177.0,0.00928188
BRD/BTC,1544585714486,2018-12-12T03:35:14.486Z,sell,5.243e-05,120.0,0.0062916
BRD/BTC,1544585714486,2018-12-12T03:35:14.486Z,sell,5.242e-05,152.0,0.00796784
BRD/BTC,1544585716796,2018-12-12T03:35:16.796Z,sell,5.241e-05,76.0,0.00398316
BRD/BTC,1544585718364,2018-12-12T03:35:18.364Z,sell,5.241e-05,88.0,0.00461208
BRD/BTC,1544585719943,2018-12-12T03:35:19.943Z,sell,5.241e-05,28.0,0.00146748
BRD/BTC,1544585720419,2018-12-12T03:35:20.419Z,buy,5.241e-05,86.0,0.00450726
BRD/BTC,1544585720804,2018-12-12T03:35:20.804Z,sell,5.235e-05,95.0,0.00497325
BRD/BTC,1544585720863,2018-12-12T03:35:20.863Z,sell,5.235e-05,76.0,0.0039786
BRD/BTC,1544585722719,2018-12-12T03:35:22.719Z,sell,5.235e-05,46.0,0.0024081
BRD/BTC,1544585722841,2018-12-12T03:35:22.841Z,buy,5.235e-05,86.0,0.0045021
BRD/BTC,1544585723214,2018-12-12T03:35:23.214Z,buy,5.235e-05,77.0,0.00403095
BRD/BTC,1544585766995,2018-12-12T03:36:06.995Z,sell,5.236e-05,138.0,0.00722568
BRD/BTC,1544586630996,2018-12-12T03:50:30.996Z,sell,5.239e-05,114.0,0.00597246
BRD/BTC,1544586669717,2018-12-12T03:51:09.717Z,sell,5.239e-05,259.0,0.01356901
BRD/BTC,1544586905664,2018-12-12T03:55:05.664Z,buy,5.265e-05,20.0,0.001053
BRD/BTC,1544586997586,2018-12-12T03:56:37.586Z,buy,5.262e-05,175.0,0.0092085
BRD/BTC,1544587019074,2018-12-12T03:56:59.074Z,sell,5.239e-05,389.0,0.02037971
BRD/BTC,1544587019074,2018-12-12T03:56:59.074Z,sell,5.238e-05,5249.0,0.27494262
BRD/BTC,1544587020063,2018-12-12T03:57:00.063Z,sell,5.236e-05,264.0,0.01382304
BRD/BTC,1544587020063,2018-12-12T03:57:00.063Z,sell,5.212e-05,98.0,0.00510776
BRD/BTC,1544587025828,2018-12-12T03:57:05.828Z,buy,5.27e-05,177.0,0.0093279
BRD/BTC,1544587025891,2018-12-12T03:57:05.891Z,sell,5.27e-05,13.0,0.0006851
BRD/BTC,1544587331548,2018-12-12T04:02:11.548Z,buy,5.269e-05,20.0,0.0010538
BRD/BTC,1544587356167,2018-12-12T04:02:36.167Z,buy,5.269e-05,20.0,0.0010538
BRD/BTC,1544587356167,2018-12-12T04:02:36.167Z,buy,5.269e-05,20.0,0.0010538
BRD/BTC,1544588657613,2018-12-12T04:24:17.613Z,sell,5.235e-05,34.0,0.0017799
BRD/BTC,1544588657628,2018-12-12T04:24:17.628Z,sell,5.235e-05,49.0,0.00256515
BRD/BTC,1544588657628,2018-12-12T04:24:17.628Z,sell,5.235e-05,49.0,0.00256515
BRD/BTC,1544591107871,2018-12-12T05:05:07.871Z,buy,5.251e-05,37.0,0.00194287
BRD/BTC,1544591109160,2018-12-12T05:05:09.160Z,buy,5.251e-05,46.0,0.00241546
BRD/BTC,1544591271190,2018-12-12T05:07:51.190Z,buy,5.263e-05,88.0,0.0046314400000000006
BRD/BTC,1544591271190,2018-12-12T05:07:51.190Z,buy,5.267e-05,83.0,0.004371610000000001
BRD/BTC,1544591355587,2018-12-12T05:09:15.587Z,buy,5.267e-05,76.0,0.00400292
BRD/BTC,1544591359325,2018-12-12T05:09:19.325Z,buy,5.269e-05,148.0,0.0077981199999999995
BRD/BTC,1544591359325,2018-12-12T05:09:19.325Z,buy,5.269e-05,148.0,0.0077981199999999995
BRD/BTC,1544593889230,2018-12-12T05:51:29.230Z,sell,5.258e-05,25.0,0.0013145000000000001
BRD/BTC,1544593898191,2018-12-12T05:51:38.191Z,sell,5.251e-05,25.0,0.00131275
BRD/BTC,1544593931620,2018-12-12T05:52:11.620Z,sell,5.244e-05,25.0,0.0013109999999999999
BRD/BTC,1544593970379,2018-12-12T05:52:50.379Z,sell,5.237e-05,25.0,0.00130925
BRD/BTC,1544593997741,2018-12-12T05:53:17.741Z,sell,5.23e-05,25.0,0.0013074999999999999
BRD/BTC,1544593999380,2018-12-12T05:53:19.380Z,buy,5.233e-05,25.0,0.00130825
BRD/BTC,1544594002150,2018-12-12T05:53:22.150Z,sell,5.23e-05,21.0,0.0010983
BRD/BTC,1544594009382,2018-12-12T05:53:29.382Z,buy,5.234e-05,34.0,0.00177956
BRD/BTC,1544594023780,2018-12-12T05:53:43.780Z,sell,5.23e-05,4.0,0.0002092
BRD/BTC,1544594024382,2018-12-12T05:53:44.382Z,buy,5.23e-05,189.0,0.0098847
BRD/BTC,1544594025381,2018-12-12T05:53:45.381Z,buy,5.233e-05,25.0,0.00130825
BRD/BTC,1544594188400,2018-12-12T05:56:28.400Z,buy,5.239e-05,190.0,0.0099541
BRD/BTC,1544594190391,2018-12-12T05:56:30.391Z,buy,5.234e-05,127.0,0.00664718
BRD/BTC,1544594194399,2018-12-12T05:56:34.399Z,buy,5.24e-05,450.0,0.02358
BRD/BTC,1544594211999,2018-12-12T05:56:51.999Z,sell,5.237e-05,25.0,0.00130925
BRD/BTC,1544594229537,2018-12-12T05:57:09.537Z,sell,5.23e-05,25.0,0.0013074999999999999
BRD/BTC,1544594229537,2018-12-12T05:57:09.537Z,sell,5.221e-05,20.0,0.0010442000000000001
BRD/BTC,1544594229537,2018-12-12T05:57:09.537Z,sell,5.205e-05,471.0,0.02451555
BRD/BTC,1544594238480,2018-12-12T05:57:18.480Z,sell,5.223e-05,25.0,0.00130575
BRD/BTC,1544594238608,2018-12-12T05:57:18.608Z,buy,5.223e-05,49.0,0.0025592699999999998
BRD/BTC,1544594239024,2018-12-12T05:57:19.024Z,buy,5.226e-05,25.0,0.0013065
BRD/BTC,1544594239404,2018-12-12T05:57:19.404Z,buy,5.234e-05,74.0,0.0038731599999999996
BRD/BTC,1544594241400,2018-12-12T05:57:21.400Z,buy,5.233e-05,25.0,0.00130825
BRD/BTC,1544594307419,2018-12-12T05:58:27.419Z,buy,5.236e-05,152.0,0.00795872
BRD/BTC,1544594317406,2018-12-12T05:58:37.406Z,buy,5.237e-05,188.0,0.00984556
BRD/BTC,1544594322420,2018-12-12T05:58:42.420Z,buy,5.24e-05,25.0,0.00131
BRD/BTC,1544594438415,2018-12-12T06:00:38.415Z,buy,5.247e-05,25.0,0.00131175
BRD/BTC,1544594444416,2018-12-12T06:00:44.416Z,buy,5.249e-05,200.0,0.010498
BRD/BTC,1544594487422,2018-12-12T06:01:27.422Z,buy,5.254e-05,25.0,0.0013135
BRD/BTC,1544594487422,2018-12-12T06:01:27.422Z,buy,5.254e-05,25.0,0.0013135
BRD/BTC,1544595232352,2018-12-12T06:13:52.352Z,buy,5.261e-05,45.0,0.00236745
BRD/BTC,1544595233509,2018-12-12T06:13:53.509Z,sell,5.258e-05,25.0,0.0013145000000000001
BRD/BTC,1544595849614,2018-12-12T06:24:09.614Z,sell,5.256e-05,153.0,0.008041679999999999
BRD/BTC,1544595914608,2018-12-12T06:25:14.608Z,buy,5.257e-05,152.0,0.00799064
BRD/BTC,1544595928236,2018-12-12T06:25:28.236Z,buy,5.257e-05,1.0,5.257e-05
BRD/BTC,1544595945496,2018-12-12T06:25:45.496Z,sell,5.257e-05,24.0,0.00126168
BRD/BTC,1544596073595,2018-12-12T06:27:53.595Z,buy,5.257e-05,53.0,0.00278621
BRD/BTC,1544596074591,2018-12-12T06:27:54.591Z,buy,5.258e-05,25.0,0.0013145000000000001
BRD/BTC,1544596139644,2018-12-12T06:28:59.644Z,buy,5.261e-05,25.0,0.00131525
BRD/BTC,1544596302651,2018-12-12T06:31:42.651Z,buy,5.265e-05,125.0,0.00658125
BRD/BTC,1544596303660,2018-12-12T06:31:43.660Z,buy,5.268e-05,25.0,0.001317
BRD/BTC,1544596304660,2018-12-12T06:31:44.660Z,buy,5.275e-05,25.0,0.00131875
BRD/BTC,1544596323987,2018-12-12T06:32:03.987Z,sell,5.272e-05,25.0,0.001318
BRD/BTC,1544596599680,2018-12-12T06:36:39.680Z,buy,5.272e-05,70.0,0.0036904
BRD/BTC,1544596600683,2018-12-12T06:36:40.683Z,buy,5.275e-05,177.0,0.00933675
BRD/BTC,1544597114360,2018-12-12T06:45:14.360Z,buy,5.279e-05,190.0,0.0100301
BRD/BTC,1544597478838,2018-12-12T06:51:18.838Z,buy,5.275e-05,159.0,0.00838725
BRD/BTC,1544597783548,2018-12-12T06:56:23.548Z,buy,5.279e-05,747.0,0.03943413
BRD/BTC,1544597783877,2018-12-12T06:56:23.877Z,buy,5.282e-05,25.0,0.0013205
BRD/BTC,1544597785218,2018-12-12T06:56:25.218Z,buy,5.289e-05,20.0,0.0010578
BRD/BTC,1544597785876,2018-12-12T06:56:25.876Z,buy,5.289e-05,205.0,0.01084245
BRD/BTC,1544597786883,2018-12-12T06:56:26.883Z,buy,5.294e-05,133.0,0.007041019999999999
BRD/BTC,1544597787879,2018-12-12T06:56:27.879Z,buy,5.296e-05,25.0,0.001324
BRD/BTC,1544597788457,2018-12-12T06:56:28.457Z,sell,5.293e-05,25.0,0.00132325
BRD/BTC,1544597789889,2018-12-12T06:56:29.889Z,buy,5.296e-05,25.0,0.001324
BRD/BTC,1544597814006,2018-12-12T06:56:54.006Z,sell,5.293e-05,25.0,0.00132325
BRD/BTC,1544597814006,2018-12-12T06:56:54.006Z,sell,5.293e-05,25.0,0.00132325
BRD/BTC,1544598230929,2018-12-12T07:03:50.929Z,sell,5.286e-05,25.0,0.0013215
BRD/BTC,1544598235091,2018-12-12T07:03:55.091Z,buy,5.289e-05,25.0,0.0013222499999999999
BRD/BTC,1544598235091,2018-12-12T07:03:55.091Z,buy,5.302e-05,5.0,0.0002651
BRD/BTC,1544598236487,2018-12-12T07:03:56.487Z,sell,5.286e-05,25.0,0.0013215
BRD/BTC,1544598304637,2018-12-12T07:05:04.637Z,buy,5.289e-05,25.0,0.0013222499999999999
BRD/BTC,1544598304637,2018-12-12T07:05:04.637Z,buy,5.302e-05,8.0,0.00042416
BRD/BTC,1544598306030,2018-12-12T07:05:06.030Z,sell,5.302e-05,7.0,0.00037114
BRD/BTC,1544598712972,2018-12-12T07:11:52.972Z,buy,5.296e-05,25.0,0.001324
BRD/BTC,1544598859331,2018-12-12T07:14:19.331Z,sell,5.296e-05,20.0,0.0010592
BRD/BTC,1544598859331,2018-12-12T07:14:19.331Z,sell,5.293e-05,25.0,0.00132325
BRD/BTC,1544598859919,2018-12-12T07:14:19.919Z,sell,5.286e-05,25.0,0.0013215
BRD/BTC,1544598926993,2018-12-12T07:15:26.993Z,buy,5.289e-05,25.0,0.0013222499999999999
BRD/BTC,1544599010003,2018-12-12T07:16:50.003Z,buy,5.296e-05,25.0,0.001324
BRD/BTC,1544599011138,2018-12-12T07:16:51.138Z,sell,5.293e-05,25.0,0.00132325
BRD/BTC,1544599012091,2018-12-12T07:16:52.091Z,buy,5.296e-05,25.0,0.001324
BRD/BTC,1544599012720,2018-12-12T07:16:52.720Z,sell,5.293e-05,25.0,0.00132325
BRD/BTC,1544599014152,2018-12-12T07:16:54.152Z,buy,5.296e-05,25.0,0.001324
BRD/BTC,1544599015137,2018-12-12T07:16:55.137Z,sell,5.293e-05,25.0,0.00132325
BRD/BTC,1544599016012,2018-12-12T07:16:56.012Z,buy,5.296e-05,25.0,0.001324
BRD/BTC,1544599016718,2018-12-12T07:16:56.718Z,sell,5.293e-05,25.0,0.00132325
BRD/BTC,1544599018005,2018-12-12T07:16:58.005Z,buy,5.296e-05,25.0,0.001324
BRD/BTC,1544599018699,2018-12-12T07:16:58.699Z,sell,5.293e-05,25.0,0.00132325
BRD/BTC,1544599048006,2018-12-12T07:17:28.006Z,buy,5.296e-05,25.0,0.001324
BRD/BTC,1544599049177,2018-12-12T07:17:29.177Z,sell,5.293e-05,25.0,0.00132325
BRD/BTC,1544599100451,2018-12-12T07:18:20.451Z,buy,5.296e-05,25.0,0.001324
BRD/BTC,1544599100451,2018-12-12T07:18:20.451Z,buy,5.314e-05,2446.0,0.12998044
BRD/BTC,1544599100470,2018-12-12T07:18:20.470Z,sell,5.314e-05,99.0,0.00526086
BRD/BTC,1544599100520,2018-12-12T07:18:20.520Z,sell,5.314e-05,36.0,0.0019130400000000002
BRD/BTC,1544599100520,2018-12-12T07:18:20.520Z,sell,5.314e-05,154.0,0.008183560000000001
BRD/BTC,1544599100529,2018-12-12T07:18:20.529Z,sell,5.314e-05,36.0,0.0019130400000000002
BRD/BTC,1544599100590,2018-12-12T07:18:20.590Z,sell,5.314e-05,35.0,0.0018599
BRD/BTC,1544599100776,2018-12-12T07:18:20.776Z,sell,5.314e-05,25.0,0.0013285
BRD/BTC,1544599102027,2018-12-12T07:18:22.027Z,sell,5.314e-05,101.0,0.00536714
BRD/BTC,1544599103010,2018-12-12T07:18:23.010Z,sell,5.314e-05,51.0,0.00271014
BRD/BTC,1544599768254,2018-12-12T07:29:28.254Z,buy,5.314e-05,20.0,0.0010628
BRD/BTC,1544599779179,2018-12-12T07:29:39.179Z,buy,5.321e-05,25.0,0.00133025
BRD/BTC,1544599779179,2018-12-12T07:29:39.179Z,buy,5.325e-05,149.0,0.00793425
BRD/BTC,1544599781091,2018-12-12T07:29:41.091Z,sell,5.318e-05,25.0,0.0013295
BRD/BTC,1544599798505,2018-12-12T07:29:58.505Z,sell,5.311e-05,25.0,0.00132775
BRD/BTC,1544599943103,2018-12-12T07:32:23.103Z,buy,5.314e-05,25.0,0.0013285
BRD/BTC,1544599965876,2018-12-12T07:32:45.876Z,sell,5.311e-05,25.0,0.00132775
BRD/BTC,1544600136991,2018-12-12T07:35:36.991Z,sell,5.305e-05,140.0,0.0074270000000000004
BRD/BTC,1544600586739,2018-12-12T07:43:06.739Z,sell,5.305e-05,556.0,0.029495800000000003
BRD/BTC,1544600637781,2018-12-12T07:43:57.781Z,sell,5.304e-05,25.0,0.001326
BRD/BTC,1544600700272,2018-12-12T07:45:00.272Z,sell,5.297e-05,25.0,0.0013242500000000001
BRD/BTC,1544600700272,2018-12-12T07:45:00.272Z,sell,5.275e-05,334.0,0.017618500000000002
BRD/BTC,1544600702224,2018-12-12T07:45:02.224Z,sell,5.29e-05,25.0,0.0013224999999999999
BRD/BTC,1544600746396,2018-12-12T07:45:46.396Z,buy,5.289e-05,34.0,0.0017982599999999999
BRD/BTC,1544600856297,2018-12-12T07:47:36.297Z,buy,5.289e-05,141.0,0.00745749
BRD/BTC,1544600858220,2018-12-12T07:47:38.220Z,buy,5.293e-05,25.0,0.00132325
BRD/BTC,1544601144254,2018-12-12T07:52:24.254Z,buy,5.3e-05,25.0,0.001325
BRD/BTC,1544601146247,2018-12-12T07:52:26.247Z,buy,5.307e-05,25.0,0.00132675
BRD/BTC,1544601287611,2018-12-12T07:54:47.611Z,sell,5.304e-05,25.0,0.001326
BRD/BTC,1544601287611,2018-12-12T07:54:47.611Z,sell,5.275e-05,89.0,0.00469475
BRD/BTC,1544601287611,2018-12-12T07:54:47.611Z,sell,5.304e-05,25.0,0.001326
BRD/BTC,1544601287611,2018-12-12T07:54:47.611Z,sell,5.275e-05,89.0,0.00469475
BRD/BTC,1544601901119,2018-12-12T08:05:01.119Z,sell,5.297e-05,25.0,0.0013242500000000001
BRD/BTC,1544601901119,2018-12-12T08:05:01.119Z,sell,5.276e-05,50.0,0.002638
BRD/BTC,1544601901119,2018-12-12T08:05:01.119Z,sell,5.275e-05,52.0,0.002743
BRD/BTC,1544601913323,2018-12-12T08:05:13.323Z,buy,5.3e-05,25.0,0.001325
BRD/BTC,1544602335363,2018-12-12T08:12:15.363Z,buy,5.307e-05,25.0,0.00132675
BRD/BTC,1544603520491,2018-12-12T08:32:00.491Z,sell,5.304e-05,25.0,0.001326
BRD/BTC,1544603538490,2018-12-12T08:32:18.490Z,buy,5.307e-05,25.0,0.00132675
BRD/BTC,1544604297013,2018-12-12T08:44:57.013Z,buy,5.314e-05,25.0,0.0013285
BRD/BTC,1544604297575,2018-12-12T08:44:57.575Z,sell,5.314e-05,20.0,0.0010628
BRD/BTC,1544604361137,2018-12-12T08:46:01.137Z,buy,5.321e-05,25.0,0.00133025
BRD/BTC,1544604361137,2018-12-12T08:46:01.137Z,buy,5.327e-05,4.0,0.00021308
BRD/BTC,1544604373591,2018-12-12T08:46:13.591Z,sell,5.318e-05,25.0,0.0013295
BRD/BTC,1544604531613,2018-12-12T08:48:51.613Z,sell,5.311e-05,25.0,0.00132775
BRD/BTC,1544604531613,2018-12-12T08:48:51.613Z,sell,5.311e-05,25.0,0.00132775
BRD/BTC,1544605277085,2018-12-12T09:01:17.085Z,buy,5.314e-05,25.0,0.0013285
BRD/BTC,1544605278113,2018-12-12T09:01:18.113Z,buy,5.321e-05,25.0,0.00133025
BRD/BTC,1544605278113,2018-12-12T09:01:18.113Z,buy,5.328e-05,106.0,0.0056476799999999995
BRD/BTC,1544605279093,2018-12-12T09:01:19.093Z,buy,5.328e-05,25.0,0.0013319999999999999
BRD/BTC,1544605284476,2018-12-12T09:01:24.476Z,buy,5.328e-05,25.0,0.0013319999999999999
BRD/BTC,1544605284677,2018-12-12T09:01:24.677Z,sell,5.328e-05,92.0,0.00490176
BRD/BTC,1544605285680,2018-12-12T09:01:25.680Z,sell,5.325e-05,25.0,0.00133125
BRD/BTC,1544605356972,2018-12-12T09:02:36.972Z,buy,5.32e-05,30.0,0.001596
BRD/BTC,1544605356972,2018-12-12T09:02:36.972Z,buy,5.328e-05,7.0,0.00037296
BRD/BTC,1544605405696,2018-12-12T09:03:25.696Z,sell,5.318e-05,25.0,0.0013295
BRD/BTC,1544606031662,2018-12-12T09:13:51.662Z,sell,5.318e-05,38.0,0.0020208400000000003
BRD/BTC,1544606133772,2018-12-12T09:15:33.772Z,sell,5.319e-05,70.0,0.0037232999999999997
BRD/BTC,1544606516454,2018-12-12T09:21:56.454Z,buy,5.321e-05,25.0,0.00133025
BRD/BTC,1544606516454,2018-12-12T09:21:56.454Z,buy,5.329e-05,200.0,0.010658
BRD/BTC,1544606516454,2018-12-12T09:21:56.454Z,buy,5.343e-05,775.0,0.04140825
BRD/BTC,1544606581808,2018-12-12T09:23:01.808Z,buy,5.328e-05,25.0,0.0013319999999999999
BRD/BTC,1544607477893,2018-12-12T09:37:57.893Z,buy,5.335e-05,25.0,0.00133375
BRD/BTC,1544607503560,2018-12-12T09:38:23.560Z,sell,5.332e-05,25.0,0.001333
BRD/BTC,1544607588778,2018-12-12T09:39:48.778Z,buy,5.332e-05,5.0,0.0002666
BRD/BTC,1544607589039,2018-12-12T09:39:49.039Z,buy,5.335e-05,591.0,0.03152985
BRD/BTC,1544607685634,2018-12-12T09:41:25.634Z,buy,5.342e-05,25.0,0.0013355
BRD/BTC,1544607685634,2018-12-12T09:41:25.634Z,buy,5.344e-05,762.0,0.040721280000000006
BRD/BTC,1544607685634,2018-12-12T09:41:25.634Z,buy,5.354e-05,1589.0,0.08507506
BRD/BTC,1544607772924,2018-12-12T09:42:52.924Z,buy,5.349e-05,25.0,0.00133725
BRD/BTC,1544607796368,2018-12-12T09:43:16.368Z,sell,5.346e-05,25.0,0.0013365
BRD/BTC,1544607970948,2018-12-12T09:46:10.948Z,buy,5.346e-05,26.0,0.00138996
BRD/BTC,1544608039623,2018-12-12T09:47:19.623Z,buy,5.349e-05,25.0,0.00133725
BRD/BTC,1544608039623,2018-12-12T09:47:19.623Z,buy,5.349e-05,25.0,0.00133725
BRD/BTC,1544608659034,2018-12-12T09:57:39.034Z,buy,5.356e-05,25.0,0.0013390000000000001
BRD/BTC,1544608661014,2018-12-12T09:57:41.014Z,buy,5.357e-05,187.0,0.01001759
BRD/BTC,1544608842038,2018-12-12T10:00:42.038Z,buy,5.357e-05,19.0,0.00101783
BRD/BTC,1544609558244,2018-12-12T10:12:38.244Z,buy,5.363e-05,25.0,0.00134075
BRD/BTC,1544609559113,2018-12-12T10:12:39.113Z,buy,5.367e-05,1041.0,0.05587047
BRD/BTC,1544609562100,2018-12-12T10:12:42.100Z,buy,5.368e-05,313.0,0.016801840000000002
BRD/BTC,1544609566103,2018-12-12T10:12:46.103Z,buy,5.369e-05,3085.0,0.16563365000000002
BRD/BTC,1544609567113,2018-12-12T10:12:47.113Z,buy,5.37e-05,25.0,0.0013425
BRD/BTC,1544609569108,2018-12-12T10:12:49.108Z,buy,5.377e-05,25.0,0.00134425
BRD/BTC,1544609573261,2018-12-12T10:12:53.261Z,buy,5.384e-05,25.0,0.001346
BRD/BTC,1544609600136,2018-12-12T10:13:20.136Z,buy,5.388e-05,53.0,0.00285564
BRD/BTC,1544609601105,2018-12-12T10:13:21.105Z,buy,5.389e-05,62.0,0.00334118
BRD/BTC,1544609609524,2018-12-12T10:13:29.524Z,sell,5.382e-05,28.0,0.0015069600000000001
BRD/BTC,1544609676347,2018-12-12T10:14:36.347Z,sell,5.382e-05,120.0,0.0064584
BRD/BTC,1544609677116,2018-12-12T10:14:37.116Z,buy,5.382e-05,24.0,0.0012916800000000001
BRD/BTC,1544609936993,2018-12-12T10:18:56.993Z,sell,5.381e-05,20.0,0.0010762
BRD/BTC,1544609972273,2018-12-12T10:19:32.273Z,buy,5.382e-05,141.0,0.007588620000000001
BRD/BTC,1544609972273,2018-12-12T10:19:32.273Z,buy,5.389e-05,172.0,0.00926908
BRD/BTC,1544609975819,2018-12-12T10:19:35.819Z,buy,5.389e-05,376.0,0.020262640000000002
BRD/BTC,1544609975819,2018-12-12T10:19:35.819Z,buy,5.391e-05,25.0,0.00134775
BRD/BTC,1544609975819,2018-12-12T10:19:35.819Z,buy,5.393e-05,320.0,0.0172576
BRD/BTC,1544609975819,2018-12-12T10:19:35.819Z,buy,5.406e-05,89.0,0.00481134
BRD/BTC,1544609975819,2018-12-12T10:19:35.819Z,buy,5.41e-05,175.0,0.0094675
BRD/BTC,1544609975987,2018-12-12T10:19:35.987Z,buy,5.41e-05,749.0,0.0405209
BRD/BTC,1544609975987,2018-12-12T10:19:35.987Z,buy,5.428e-05,446.0,0.024208880000000002
BRD/BTC,1544609975987,2018-12-12T10:19:35.987Z,buy,5.431e-05,538.0,0.02921878
BRD/BTC,1544609976687,2018-12-12T10:19:36.687Z,buy,5.398e-05,25.0,0.0013495
BRD/BTC,1544609976687,2018-12-12T10:19:36.687Z,buy,5.431e-05,45.0,0.00244395
BRD/BTC,1544609976704,2018-12-12T10:19:36.704Z,sell,5.431e-05,226.0,0.01227406
BRD/BTC,1544609989456,2018-12-12T10:19:49.456Z,buy,5.405e-05,25.0,0.00135125
BRD/BTC,1544609989470,2018-12-12T10:19:49.470Z,sell,5.431e-05,604.0,0.03280324
BRD/BTC,1544609998744,2018-12-12T10:19:58.744Z,buy,5.412e-05,25.0,0.0013529999999999998
BRD/BTC,1544609999152,2018-12-12T10:19:59.152Z,sell,5.431e-05,645.0,0.03502995
BRD/BTC,1544610047146,2018-12-12T10:20:47.146Z,buy,5.419e-05,25.0,0.00135475
BRD/BTC,1544610050826,2018-12-12T10:20:50.826Z,sell,5.416e-05,20.0,0.0010832
BRD/BTC,1544610052166,2018-12-12T10:20:52.166Z,buy,5.424e-05,124.0,0.00672576
BRD/BTC,1544610054150,2018-12-12T10:20:54.150Z,buy,5.425e-05,101.0,0.00547925
BRD/BTC,1544610056165,2018-12-12T10:20:56.165Z,buy,5.426e-05,25.0,0.0013565
BRD/BTC,1544610058150,2018-12-12T10:20:58.150Z,buy,5.431e-05,19.0,0.00103189
BRD/BTC,1544610066966,2018-12-12T10:21:06.966Z,buy,5.433e-05,25.0,0.00135825
BRD/BTC,1544610067116,2018-12-12T10:21:07.116Z,sell,5.435e-05,34.0,0.0018479
BRD/BTC,1544610076100,2018-12-12T10:21:16.100Z,buy,5.439e-05,139.0,0.0075602099999999995
BRD/BTC,1544610076100,2018-12-12T10:21:16.100Z,buy,5.44e-05,75.0,0.00408
BRD/BTC,1544610076100,2018-12-12T10:21:16.100Z,sell,5.44e-05,108.0,0.0058752
BRD/BTC,1544610081566,2018-12-12T10:21:21.566Z,buy,5.441e-05,35.0,0.0019043500000000002
BRD/BTC,1544610081566,2018-12-12T10:21:21.566Z,buy,5.442e-05,50.0,0.002721
BRD/BTC,1544610081566,2018-12-12T10:21:21.566Z,buy,5.445e-05,483.0,0.026299350000000003
BRD/BTC,1544610081606,2018-12-12T10:21:21.606Z,sell,5.445e-05,200.0,0.01089
BRD/BTC,1544610082155,2018-12-12T10:21:22.155Z,buy,5.446e-05,33.0,0.00179718
BRD/BTC,1544610083193,2018-12-12T10:21:23.193Z,buy,5.447e-05,25.0,0.00136175
BRD/BTC,1544610083745,2018-12-12T10:21:23.745Z,sell,5.445e-05,74.0,0.0040293
BRD/BTC,1544610085155,2018-12-12T10:21:25.155Z,buy,5.45e-05,61.0,0.0033245
BRD/BTC,1544610087382,2018-12-12T10:21:27.382Z,buy,5.45e-05,550.0,0.029975
BRD/BTC,1544610087382,2018-12-12T10:21:27.382Z,buy,5.451e-05,200.0,0.010902
BRD/BTC,1544610087382,2018-12-12T10:21:27.382Z,buy,5.454e-05,25.0,0.0013635000000000001
BRD/BTC,1544610090648,2018-12-12T10:21:30.648Z,sell,5.455e-05,47.0,0.00256385
BRD/BTC,1544610094517,2018-12-12T10:21:34.517Z,buy,5.459e-05,77.0,0.00420343
BRD/BTC,1544610094517,2018-12-12T10:21:34.517Z,buy,5.461e-05,25.0,0.00136525
BRD/BTC,1544610096559,2018-12-12T10:21:36.559Z,buy,5.468e-05,25.0,0.001367
BRD/BTC,1544610096559,2018-12-12T10:21:36.559Z,buy,5.471e-05,27.0,0.00147717
BRD/BTC,1544610096559,2018-12-12T10:21:36.559Z,buy,5.473e-05,20.0,0.0010946
BRD/BTC,1544610096559,2018-12-12T10:21:36.559Z,buy,5.475e-05,183.0,0.01001925
BRD/BTC,1544610096559,2018-12-12T10:21:36.559Z,buy,5.492e-05,16.0,0.00087872
BRD/BTC,1544610098939,2018-12-12T10:21:38.939Z,sell,5.465e-05,565.0,0.03087725
BRD/BTC,1544610101955,2018-12-12T10:21:41.955Z,sell,5.465e-05,8.0,0.0004372
BRD/BTC,1544610101955,2018-12-12T10:21:41.955Z,sell,5.464e-05,557.0,0.03043448
BRD/BTC,1544610102017,2018-12-12T10:21:42.017Z,sell,5.464e-05,565.0,0.0308716
BRD/BTC,1544610102078,2018-12-12T10:21:42.078Z,sell,5.464e-05,187.0,0.01021768
BRD/BTC,1544610102089,2018-12-12T10:21:42.089Z,sell,5.464e-05,76.0,0.00415264
BRD/BTC,1544610102156,2018-12-12T10:21:42.156Z,sell,5.464e-05,247.0,0.013496079999999999
BRD/BTC,1544610102325,2018-12-12T10:21:42.325Z,sell,5.464e-05,269.0,0.01469816
BRD/BTC,1544610102375,2018-12-12T10:21:42.375Z,sell,5.464e-05,269.0,0.01469816
BRD/BTC,1544610102408,2018-12-12T10:21:42.408Z,buy,5.474e-05,45.0,0.0024633
BRD/BTC,1544610102810,2018-12-12T10:21:42.810Z,buy,5.468e-05,25.0,0.001367
BRD/BTC,1544610102810,2018-12-12T10:21:42.810Z,buy,5.474e-05,29.0,0.00158746
BRD/BTC,1544610103196,2018-12-12T10:21:43.196Z,buy,5.474e-05,36.0,0.00197064
BRD/BTC,1544610103218,2018-12-12T10:21:43.218Z,sell,5.464e-05,209.0,0.01141976
BRD/BTC,1544610110069,2018-12-12T10:21:50.069Z,buy,5.474e-05,446.0,0.02441404
BRD/BTC,1544610110069,2018-12-12T10:21:50.069Z,buy,5.475e-05,25.0,0.0013687500000000002
BRD/BTC,1544610110069,2018-12-12T10:21:50.069Z,buy,5.492e-05,184.0,0.010105280000000001
BRD/BTC,1544610110069,2018-12-12T10:21:50.069Z,buy,5.496e-05,27.0,0.0014839200000000001
BRD/BTC,1544610110069,2018-12-12T10:21:50.069Z,buy,5.505e-05,40.0,0.002202
BRD/BTC,1544610110069,2018-12-12T10:21:50.069Z,buy,5.51e-05,106.0,0.0058406
BRD/BTC,1544610110889,2018-12-12T10:21:50.889Z,sell,5.478e-05,200.0,0.010956
BRD/BTC,1544610111004,2018-12-12T10:21:51.004Z,sell,5.472e-05,25.0,0.0013679999999999999
BRD/BTC,1544610115073,2018-12-12T10:21:55.073Z,buy,5.475e-05,25.0,0.0013687500000000002
BRD/BTC,1544610115135,2018-12-12T10:21:55.135Z,sell,5.482e-05,266.0,0.01458212
BRD/BTC,1544610115135,2018-12-12T10:21:55.135Z,sell,5.482e-05,93.0,0.00509826
BRD/BTC,1544610115193,2018-12-12T10:21:55.193Z,sell,5.482e-05,314.0,0.01721348
BRD/BTC,1544610115298,2018-12-12T10:21:55.298Z,sell,5.482e-05,268.0,0.01469176
BRD/BTC,1544610115432,2018-12-12T10:21:55.432Z,sell,5.482e-05,25.0,0.0013705
BRD/BTC,1544610115835,2018-12-12T10:21:55.835Z,sell,5.482e-05,762.0,0.04177284
BRD/BTC,1544610115876,2018-12-12T10:21:55.876Z,sell,5.467e-05,422.0,0.02307074
BRD/BTC,1544610116152,2018-12-12T10:21:56.152Z,buy,5.466e-05,25.0,0.0013665
BRD/BTC,1544610118972,2018-12-12T10:21:58.972Z,sell,5.465e-05,84.0,0.0045906
BRD/BTC,1544610123584,2018-12-12T10:22:03.584Z,buy,5.469e-05,25.0,0.00136725
BRD/BTC,1544610123584,2018-12-12T10:22:03.584Z,buy,5.492e-05,15.0,0.0008238000000000001
BRD/BTC,1544610123934,2018-12-12T10:22:03.934Z,sell,5.465e-05,19.0,0.00103835
BRD/BTC,1544610217723,2018-12-12T10:23:37.723Z,buy,5.476e-05,25.0,0.001369
BRD/BTC,1544610286271,2018-12-12T10:24:46.271Z,buy,5.483e-05,25.0,0.00137075
BRD/BTC,1544610286271,2018-12-12T10:24:46.271Z,buy,5.491e-05,548.0,0.03009068
BRD/BTC,1544610286271,2018-12-12T10:24:46.271Z,buy,5.492e-05,185.0,0.010160200000000001
BRD/BTC,1544610286271,2018-12-12T10:24:46.271Z,buy,5.51e-05,3.0,0.0001653
BRD/BTC,1544610286271,2018-12-12T10:24:46.271Z,buy,5.542e-05,36.0,0.00199512
BRD/BTC,1544610286271,2018-12-12T10:24:46.271Z,buy,5.55e-05,171.0,0.0094905
BRD/BTC,1544610286271,2018-12-12T10:24:46.271Z,buy,5.573e-05,81.0,0.00451413
BRD/BTC,1544610286271,2018-12-12T10:24:46.271Z,buy,5.579e-05,17.0,0.00094843
BRD/BTC,1544610288607,2018-12-12T10:24:48.607Z,sell,5.478e-05,200.0,0.010956
BRD/BTC,1544610288607,2018-12-12T10:24:48.607Z,sell,5.477e-05,54.0,0.00295758
BRD/BTC,1544610497779,2018-12-12T10:28:17.779Z,sell,5.484e-05,38.0,0.00208392
BRD/BTC,1544610523087,2018-12-12T10:28:43.087Z,buy,5.484e-05,42.0,0.00230328
BRD/BTC,1544610568023,2018-12-12T10:29:28.023Z,sell,5.48e-05,25.0,0.00137
BRD/BTC,1544610609920,2018-12-12T10:30:09.920Z,sell,5.477e-05,292.0,0.01599284
BRD/BTC,1544610622937,2018-12-12T10:30:22.937Z,sell,5.476e-05,1461.0,0.08000436
BRD/BTC,1544610791073,2018-12-12T10:33:11.073Z,sell,5.476e-05,181.0,0.00991156
BRD/BTC,1544610892084,2018-12-12T10:34:52.084Z,sell,5.476e-05,55.0,0.0030118
BRD/BTC,1544610940214,2018-12-12T10:35:40.214Z,sell,5.476e-05,172.0,0.00941872
BRD/BTC,1544610954439,2018-12-12T10:35:54.439Z,sell,5.476e-05,54.0,0.0029570399999999998
BRD/BTC,1544611092421,2018-12-12T10:38:12.421Z,buy,5.483e-05,25.0,0.00137075
BRD/BTC,1544611092421,2018-12-12T10:38:12.421Z,buy,5.484e-05,60.0,0.0032903999999999997
BRD/BTC,1544611092421,2018-12-12T10:38:12.421Z,buy,5.492e-05,15.0,0.0008238000000000001
BRD/BTC,1544611111473,2018-12-12T10:38:31.473Z,buy,5.49e-05,19.0,0.0010431
BRD/BTC,1544611115766,2018-12-12T10:38:35.766Z,sell,5.48e-05,25.0,0.00137
BRD/BTC,1544611148858,2018-12-12T10:39:08.858Z,buy,5.483e-05,25.0,0.00137075
BRD/BTC,1544611148932,2018-12-12T10:39:08.932Z,sell,5.483e-05,84.0,0.00460572
BRD/BTC,1544611149039,2018-12-12T10:39:09.039Z,sell,5.483e-05,72.0,0.00394776
BRD/BTC,1544611477851,2018-12-12T10:44:37.851Z,sell,5.488e-05,43.0,0.00235984
BRD/BTC,1544611518904,2018-12-12T10:45:18.904Z,sell,5.485e-05,698.0,0.0382853
BRD/BTC,1544611536956,2018-12-12T10:45:36.956Z,sell,5.485e-05,886.0,0.0485971
BRD/BTC,1544611537608,2018-12-12T10:45:37.608Z,sell,5.485e-05,20.0,0.0010969999999999999
BRD/BTC,1544611537608,2018-12-12T10:45:37.608Z,sell,5.485e-05,20.0,0.0010969999999999999
BRD/BTC,1544611935572,2018-12-12T10:52:15.572Z,buy,5.49e-05,25.0,0.0013725
BRD/BTC,1544611935572,2018-12-12T10:52:15.572Z,buy,5.492e-05,225.0,0.012357
BRD/BTC,1544612152308,2018-12-12T10:55:52.308Z,buy,5.492e-05,208.0,0.01142336
BRD/BTC,1544612157428,2018-12-12T10:55:57.428Z,sell,5.493e-05,217.0,0.01191981
BRD/BTC,1544612175657,2018-12-12T10:56:15.657Z,buy,5.497e-05,25.0,0.00137425
BRD/BTC,1544612177009,2018-12-12T10:56:17.009Z,sell,5.497e-05,24.0,0.00131928
BRD/BTC,1544612178537,2018-12-12T10:56:18.537Z,sell,5.497e-05,69.0,0.00379293
BRD/BTC,1544612179680,2018-12-12T10:56:19.680Z,sell,5.498e-05,24.0,0.00131952
BRD/BTC,1544612181140,2018-12-12T10:56:21.140Z,sell,5.498e-05,25.0,0.0013745
BRD/BTC,1544612181701,2018-12-12T10:56:21.701Z,sell,5.498e-05,238.0,0.01308524
BRD/BTC,1544612182473,2018-12-12T10:56:22.473Z,sell,5.498e-05,349.0,0.01918802
BRD/BTC,1544612183107,2018-12-12T10:56:23.107Z,sell,5.497e-05,31.0,0.0017040699999999998
BRD/BTC,1544612188720,2018-12-12T10:56:28.720Z,sell,5.497e-05,45.0,0.00247365
BRD/BTC,1544612275021,2018-12-12T10:57:55.021Z,sell,5.497e-05,173.0,0.009509809999999999
BRD/BTC,1544612298141,2018-12-12T10:58:18.141Z,sell,5.497e-05,48.0,0.00263856
BRD/BTC,1544612499772,2018-12-12T11:01:39.772Z,sell,5.497e-05,64.0,0.00351808
BRD/BTC,1544612505895,2018-12-12T11:01:45.895Z,sell,5.497e-05,250.0,0.0137425
BRD/BTC,1544612506532,2018-12-12T11:01:46.532Z,sell,5.497e-05,154.0,0.00846538
BRD/BTC,1544612528467,2018-12-12T11:02:08.467Z,sell,5.494e-05,25.0,0.0013735
BRD/BTC,1544612587367,2018-12-12T11:03:07.367Z,sell,5.487e-05,25.0,0.0013717500000000001
BRD/BTC,1544612587367,2018-12-12T11:03:07.367Z,sell,5.48e-05,225.0,0.012329999999999999
BRD/BTC,1544612598448,2018-12-12T11:03:18.448Z,sell,5.481e-05,98.0,0.00537138
BRD/BTC,1544612598959,2018-12-12T11:03:18.959Z,sell,5.481e-05,98.0,0.00537138
BRD/BTC,1544612601023,2018-12-12T11:03:21.023Z,sell,5.48e-05,20.0,0.001096
BRD/BTC,1544612601090,2018-12-12T11:03:21.090Z,sell,5.48e-05,20.0,0.001096
BRD/BTC,1544612601106,2018-12-12T11:03:21.106Z,sell,5.48e-05,154.0,0.0084392
BRD/BTC,1544612629943,2018-12-12T11:03:49.943Z,sell,5.48e-05,96.0,0.0052607999999999995
BRD/BTC,1544612667396,2018-12-12T11:04:27.396Z,buy,5.49e-05,25.0,0.0013725
BRD/BTC,1544612667396,2018-12-12T11:04:27.396Z,buy,5.534e-05,4.0,0.00022136
BRD/BTC,1544612847673,2018-12-12T11:07:27.673Z,sell,5.487e-05,25.0,0.0013717500000000001
BRD/BTC,1544612847673,2018-12-12T11:07:27.673Z,sell,5.48e-05,20.0,0.001096
BRD/BTC,1544612859314,2018-12-12T11:07:39.314Z,sell,5.482e-05,54.0,0.00296028
BRD/BTC,1544612859868,2018-12-12T11:07:39.868Z,sell,5.482e-05,76.0,0.00416632
BRD/BTC,1544612860749,2018-12-12T11:07:40.749Z,sell,5.482e-05,74.0,0.00405668
BRD/BTC,1544614087523,2018-12-12T11:28:07.523Z,sell,5.481e-05,320.0,0.017539199999999998
BRD/BTC,1544614089521,2018-12-12T11:28:09.521Z,sell,5.48e-05,344.0,0.0188512
BRD/BTC,1544614092169,2018-12-12T11:28:12.169Z,sell,5.473e-05,20.0,0.0010946
BRD/BTC,1544614092173,2018-12-12T11:28:12.173Z,sell,5.473e-05,5.0,0.00027365
BRD/BTC,1544614092173,2018-12-12T11:28:12.173Z,sell,5.45e-05,15.0,0.0008175000000000001
BRD/BTC,1544614092182,2018-12-12T11:28:12.182Z,sell,5.45e-05,33.0,0.0017985000000000002
BRD/BTC,1544614092196,2018-12-12T11:28:12.196Z,sell,5.45e-05,1.0,5.45e-05
BRD/BTC,1544614092196,2018-12-12T11:28:12.196Z,sell,5.443e-05,19.0,0.00103417
BRD/BTC,1544614096184,2018-12-12T11:28:16.184Z,sell,5.466e-05,25.0,0.0013665
BRD/BTC,1544614096184,2018-12-12T11:28:16.184Z,sell,5.445e-05,144.0,0.0078408
BRD/BTC,1544614097127,2018-12-12T11:28:17.127Z,sell,5.459e-05,25.0,0.0013647499999999999
BRD/BTC,1544614097127,2018-12-12T11:28:17.127Z,sell,5.445e-05,12.0,0.0006534
BRD/BTC,1544614097489,2018-12-12T11:28:17.489Z,sell,5.445e-05,46.0,0.0025047
BRD/BTC,1544614097489,2018-12-12T11:28:17.489Z,sell,5.443e-05,47.0,0.00255821
BRD/BTC,1544614097943,2018-12-12T11:28:17.943Z,sell,5.452e-05,25.0,0.001363
BRD/BTC,1544614097943,2018-12-12T11:28:17.943Z,sell,5.443e-05,68.0,0.0037012399999999997
BRD/BTC,1544614098460,2018-12-12T11:28:18.460Z,sell,5.444e-05,68.0,0.00370192
BRD/BTC,1544614098460,2018-12-12T11:28:18.460Z,sell,5.443e-05,25.0,0.00136075
BRD/BTC,1544614099517,2018-12-12T11:28:19.517Z,buy,5.455e-05,25.0,0.00136375
BRD/BTC,1544614100514,2018-12-12T11:28:20.514Z,buy,5.462e-05,25.0,0.0013655
BRD/BTC,1544614101530,2018-12-12T11:28:21.530Z,sell,5.452e-05,25.0,0.001363
BRD/BTC,1544614101530,2018-12-12T11:28:21.530Z,sell,5.445e-05,202.0,0.0109989
BRD/BTC,1544614101530,2018-12-12T11:28:21.530Z,sell,5.443e-05,440.0,0.0239492
BRD/BTC,1544614101531,2018-12-12T11:28:21.531Z,sell,5.443e-05,63.0,0.00342909
BRD/BTC,1544614101531,2018-12-12T11:28:21.531Z,sell,5.442e-05,88.0,0.00478896
BRD/BTC,1544614101531,2018-12-12T11:28:21.531Z,sell,5.44e-05,19.0,0.0010336
BRD/BTC,1544614101531,2018-12-12T11:28:21.531Z,sell,5.437e-05,147.0,0.00799239
BRD/BTC,1544614101531,2018-12-12T11:28:21.531Z,sell,5.436e-05,350.0,0.019026
BRD/BTC,1544614103527,2018-12-12T11:28:23.527Z,buy,5.45e-05,200.0,0.0109
BRD/BTC,1544614105517,2018-12-12T11:28:25.517Z,buy,5.455e-05,25.0,0.00136375
BRD/BTC,1544614106531,2018-12-12T11:28:26.531Z,buy,5.462e-05,25.0,0.0013655
BRD/BTC,1544614147232,2018-12-12T11:29:07.232Z,buy,5.469e-05,25.0,0.00136725
BRD/BTC,1544614147232,2018-12-12T11:29:07.232Z,buy,5.48e-05,30.0,0.0016439999999999998
BRD/BTC,1544614161837,2018-12-12T11:29:21.837Z,sell,5.466e-05,25.0,0.0013665
BRD/BTC,1544614161837,2018-12-12T11:29:21.837Z,sell,5.459e-05,183.0,0.009989969999999999
BRD/BTC,1544614162529,2018-12-12T11:29:22.529Z,buy,5.46e-05,25.0,0.001365
BRD/BTC,1544614162529,2018-12-12T11:29:22.529Z,buy,5.46e-05,25.0,0.001365
BRD/BTC,1544615651167,2018-12-12T11:54:11.167Z,sell,5.46e-05,66.0,0.0036035999999999998
BRD/BTC,1544615651693,2018-12-12T11:54:11.693Z,sell,5.459e-05,25.0,0.0013647499999999999
BRD/BTC,1544615758027,2018-12-12T11:55:58.027Z,sell,5.452e-05,25.0,0.001363
BRD/BTC,1544615758027,2018-12-12T11:55:58.027Z,sell,5.436e-05,200.0,0.010872
BRD/BTC,1544615758027,2018-12-12T11:55:58.027Z,sell,5.431e-05,773.0,0.04198163
BRD/BTC,1544615787767,2018-12-12T11:56:27.767Z,buy,5.449e-05,38.0,0.00207062
BRD/BTC,1544615787884,2018-12-12T11:56:27.884Z,buy,5.449e-05,38.0,0.00207062
BRD/BTC,1544615795678,2018-12-12T11:56:35.678Z,buy,5.449e-05,36.0,0.00196164
BRD/BTC,1544615919172,2018-12-12T11:58:39.172Z,buy,5.449e-05,62.0,0.0033783800000000003
BRD/BTC,1544615919705,2018-12-12T11:58:39.705Z,buy,5.45e-05,200.0,0.0109
BRD/BTC,1544615923712,2018-12-12T11:58:43.712Z,buy,5.455e-05,25.0,0.00136375
BRD/BTC,1544616044743,2018-12-12T12:00:44.743Z,buy,5.462e-05,25.0,0.0013655
BRD/BTC,1544616064655,2018-12-12T12:01:04.655Z,buy,5.469e-05,25.0,0.00136725
BRD/BTC,1544616109676,2018-12-12T12:01:49.676Z,buy,5.476e-05,25.0,0.001369
BRD/BTC,1544616229774,2018-12-12T12:03:49.774Z,sell,5.476e-05,650.0,0.035594
BRD/BTC,1544616232758,2018-12-12T12:03:52.758Z,sell,5.473e-05,25.0,0.00136825
BRD/BTC,1544616326772,2018-12-12T12:05:26.772Z,sell,5.466e-05,25.0,0.0013665
BRD/BTC,1544617753787,2018-12-12T12:29:13.787Z,sell,5.459e-05,25.0,0.0013647499999999999
BRD/BTC,1544617753787,2018-12-12T12:29:13.787Z,sell,5.437e-05,160.0,0.0086992
BRD/BTC,1544617753787,2018-12-12T12:29:13.787Z,sell,5.459e-05,25.0,0.0013647499999999999
BRD/BTC,1544617753787,2018-12-12T12:29:13.787Z,sell,5.437e-05,160.0,0.0086992
BRD/BTC,1544618050441,2018-12-12T12:34:10.441Z,sell,5.452e-05,25.0,0.001363
BRD/BTC,1544618050441,2018-12-12T12:34:10.441Z,sell,5.437e-05,4.0,0.00021748
BRD/BTC,1544618051930,2018-12-12T12:34:11.930Z,buy,5.455e-05,25.0,0.00136375
BRD/BTC,1544618275955,2018-12-12T12:37:55.955Z,buy,5.462e-05,25.0,0.0013655
BRD/BTC,1544618502977,2018-12-12T12:41:42.977Z,buy,5.469e-05,25.0,0.00136725
BRD/BTC,1544618504982,2018-12-12T12:41:44.982Z,buy,5.47e-05,26.0,0.0014222
BRD/BTC,1544619036051,2018-12-12T12:50:36.051Z,buy,5.476e-05,25.0,0.001369
BRD/BTC,1544619538205,2018-12-12T12:58:58.205Z,sell,5.473e-05,25.0,0.00136825
BRD/BTC,1544619538205,2018-12-12T12:58:58.205Z,sell,5.461e-05,183.0,0.00999363
BRD/BTC,1544619539190,2018-12-12T12:58:59.190Z,sell,5.466e-05,25.0,0.0013665
BRD/BTC,1544619539190,2018-12-12T12:58:59.190Z,sell,5.437e-05,262.0,0.014244940000000001
BRD/BTC,1544619557108,2018-12-12T12:59:17.108Z,sell,5.476e-05,75.0,0.0041069999999999995
BRD/BTC,1544620025666,2018-12-12T13:07:05.666Z,sell,5.459e-05,25.0,0.0013647499999999999
BRD/BTC,1544620025666,2018-12-12T13:07:05.666Z,sell,5.437e-05,217.0,0.011798290000000001
BRD/BTC,1544620027147,2018-12-12T13:07:07.147Z,sell,5.452e-05,25.0,0.001363
BRD/BTC,1544620027147,2018-12-12T13:07:07.147Z,sell,5.436e-05,300.0,0.016308
BRD/BTC,1544620029153,2018-12-12T13:07:09.153Z,buy,5.45e-05,200.0,0.0109
BRD/BTC,1544620066147,2018-12-12T13:07:46.147Z,sell,5.477e-05,38.0,0.00208126
BRD/BTC,1544620112841,2018-12-12T13:08:32.841Z,buy,5.478e-05,85.0,0.0046563
BRD/BTC,1544620806690,2018-12-12T13:20:06.690Z,sell,5.445e-05,241.0,0.01312245
BRD/BTC,1544620860249,2018-12-12T13:21:00.249Z,buy,5.444e-05,106.0,0.0057706400000000005
BRD/BTC,1544621010608,2018-12-12T13:23:30.608Z,buy,5.445e-05,24.0,0.0013068
BRD/BTC,1544621011254,2018-12-12T13:23:31.254Z,buy,5.445e-05,173.0,0.00941985
BRD/BTC,1544621011254,2018-12-12T13:23:31.254Z,buy,5.445e-05,173.0,0.00941985
BRD/BTC,1544623056834,2018-12-12T13:57:36.834Z,sell,5.459e-05,168.0,0.00917112
BRD/BTC,1544623674709,2018-12-12T14:07:54.709Z,sell,5.468e-05,118.0,0.00645224
BRD/BTC,1544623729992,2018-12-12T14:08:49.992Z,sell,5.468e-05,576.0,0.03149568
BRD/BTC,1544623729992,2018-12-12T14:08:49.992Z,sell,5.459e-05,198.0,0.01080882
BRD/BTC,1544623729992,2018-12-12T14:08:49.992Z,sell,5.439e-05,709.0,0.03856251
BRD/BTC,1544623892572,2018-12-12T14:11:32.572Z,sell,5.44e-05,282.0,0.0153408
BRD/BTC,1544623893508,2018-12-12T14:11:33.508Z,buy,5.44e-05,320.0,0.017408
BRD/BTC,1544624026992,2018-12-12T14:13:46.992Z,sell,5.44e-05,282.0,0.0153408
BRD/BTC,1544624026992,2018-12-12T14:13:46.992Z,sell,5.439e-05,441.0,0.02398599
BRD/BTC,1544624026992,2018-12-12T14:13:46.992Z,sell,5.438e-05,77.0,0.00418726
BRD/BTC,1544624026992,2018-12-12T14:13:46.992Z,sell,5.44e-05,282.0,0.0153408
BRD/BTC,1544624026992,2018-12-12T14:13:46.992Z,sell,5.439e-05,441.0,0.02398599
BRD/BTC,1544624026992,2018-12-12T14:13:46.992Z,sell,5.438e-05,77.0,0.00418726
BRD/BTC,1544624690136,2018-12-12T14:24:50.136Z,buy,5.481e-05,283.0,0.015511229999999999
BRD/BTC,1544624690136,2018-12-12T14:24:50.136Z,buy,5.482e-05,629.0,0.034481780000000004
BRD/BTC,1544624863905,2018-12-12T14:27:43.905Z,buy,5.481e-05,161.0,0.00882441
BRD/BTC,1544625042431,2018-12-12T14:30:42.431Z,buy,5.481e-05,130.0,0.0071253
BRD/BTC,1544625042431,2018-12-12T14:30:42.431Z,buy,5.482e-05,272.0,0.01491104
BRD/BTC,1544625042638,2018-12-12T14:30:42.638Z,sell,5.482e-05,111.0,0.00608502
BRD/BTC,1544625666250,2018-12-12T14:41:06.250Z,sell,5.45e-05,900.0,0.04905
BRD/BTC,1544625971213,2018-12-12T14:46:11.213Z,buy,5.481e-05,182.0,0.00997542
BRD/BTC,1544626490102,2018-12-12T14:54:50.102Z,sell,5.45e-05,17.0,0.0009265
BRD/BTC,1544626535815,2018-12-12T14:55:35.815Z,buy,5.445e-05,130.0,0.007078500000000001
BRD/BTC,1544626549218,2018-12-12T14:55:49.218Z,sell,5.44e-05,30.0,0.001632
BRD/BTC,1544626549218,2018-12-12T14:55:49.218Z,sell,5.438e-05,353.0,0.01919614
BRD/BTC,1544626803305,2018-12-12T15:00:03.305Z,buy,5.445e-05,214.0,0.0116523
BRD/BTC,1544626814098,2018-12-12T15:00:14.098Z,buy,5.445e-05,22.0,0.0011979
BRD/BTC,1544626814098,2018-12-12T15:00:14.098Z,buy,5.445e-05,22.0,0.0011979
BRD/BTC,1544627768097,2018-12-12T15:16:08.097Z,sell,5.45e-05,72.0,0.003924
BRD/BTC,1544627769655,2018-12-12T15:16:09.655Z,sell,5.45e-05,109.0,0.0059405000000000005
BRD/BTC,1544628275771,2018-12-12T15:24:35.771Z,buy,5.466e-05,547.0,0.029899020000000002
BRD/BTC,1544628284254,2018-12-12T15:24:44.254Z,buy,5.482e-05,338.0,0.01852916
BRD/BTC,1544629647838,2018-12-12T15:47:27.838Z,sell,5.444e-05,82.0,0.0044640800000000005
BRD/BTC,1544629658208,2018-12-12T15:47:38.208Z,sell,5.439e-05,549.0,0.02986011
BRD/BTC,1544629799576,2018-12-12T15:49:59.576Z,sell,5.438e-05,164.0,0.00891832
BRD/BTC,1544629799576,2018-12-12T15:49:59.576Z,sell,5.436e-05,241.0,0.01310076
BRD/BTC,1544629799576,2018-12-12T15:49:59.576Z,sell,5.434e-05,226.0,0.01228084
BRD/BTC,1544629799576,2018-12-12T15:49:59.576Z,sell,5.431e-05,129.0,0.00700599
BRD/BTC,1544629876781,2018-12-12T15:51:16.781Z,sell,5.431e-05,1128.0,0.06126168
BRD/BTC,1544629876829,2018-12-12T15:51:16.829Z,buy,5.431e-05,552.0,0.02997912
BRD/BTC,1544629876829,2018-12-12T15:51:16.829Z,buy,5.431e-05,552.0,0.02997912
BRD/BTC,1544630465251,2018-12-12T16:01:05.251Z,buy,5.439e-05,226.0,0.01229214
BRD/BTC,1544630468475,2018-12-12T16:01:08.475Z,buy,5.439e-05,162.0,0.00881118
BRD/BTC,1544630491144,2018-12-12T16:01:31.144Z,sell,5.424e-05,25.0,0.001356
BRD/BTC,1544630491144,2018-12-12T16:01:31.144Z,sell,5.421e-05,3.0,0.00016262999999999998
BRD/BTC,1544630716615,2018-12-12T16:05:16.615Z,buy,5.435e-05,516.0,0.0280446
BRD/BTC,1544630716619,2018-12-12T16:05:16.619Z,buy,5.435e-05,516.0,0.0280446
BRD/BTC,1544630716624,2018-12-12T16:05:16.624Z,buy,5.435e-05,516.0,0.0280446
BRD/BTC,1544630716657,2018-12-12T16:05:16.657Z,buy,5.435e-05,32.0,0.0017392
BRD/BTC,1544630852243,2018-12-12T16:07:32.243Z,buy,5.434e-05,444.0,0.02412696
BRD/BTC,1544630988226,2018-12-12T16:09:48.226Z,buy,5.435e-05,34.0,0.0018479
BRD/BTC,1544631332257,2018-12-12T16:15:32.257Z,buy,5.424e-05,37.0,0.00200688
BRD/BTC,1544631511049,2018-12-12T16:18:31.049Z,sell,5.417e-05,206.0,0.01115902
BRD/BTC,1544631511049,2018-12-12T16:18:31.049Z,sell,5.398e-05,672.0,0.036274560000000004
BRD/BTC,1544631738774,2018-12-12T16:22:18.774Z,sell,5.41e-05,25.0,0.0013525
BRD/BTC,1544631894500,2018-12-12T16:24:54.500Z,buy,5.423e-05,55.0,0.00298265
BRD/BTC,1544632022365,2018-12-12T16:27:02.365Z,buy,5.423e-05,247.0,0.01339481
BRD/BTC,1544632031630,2018-12-12T16:27:11.630Z,buy,5.435e-05,110.0,0.0059785
BRD/BTC,1544632051652,2018-12-12T16:27:31.652Z,buy,5.435e-05,372.0,0.0202182
BRD/BTC,1544632060265,2018-12-12T16:27:40.265Z,buy,5.435e-05,110.0,0.0059785
BRD/BTC,1544632060684,2018-12-12T16:27:40.684Z,buy,5.435e-05,73.0,0.00396755
BRD/BTC,1544632062125,2018-12-12T16:27:42.125Z,buy,5.435e-05,43.0,0.00233705
BRD/BTC,1544632062311,2018-12-12T16:27:42.311Z,buy,5.45e-05,91.0,0.0049595
BRD/BTC,1544632081369,2018-12-12T16:28:01.369Z,sell,5.435e-05,5.0,0.00027175
BRD/BTC,1544632081369,2018-12-12T16:28:01.369Z,sell,5.426e-05,25.0,0.0013565
BRD/BTC,1544632086476,2018-12-12T16:28:06.476Z,buy,5.45e-05,109.0,0.0059405000000000005
BRD/BTC,1544632086561,2018-12-12T16:28:06.561Z,sell,5.45e-05,1.0,5.45e-05
BRD/BTC,1544632812191,2018-12-12T16:40:12.191Z,sell,5.463e-05,110.0,0.0060092999999999995
BRD/BTC,1544632902933,2018-12-12T16:41:42.933Z,sell,5.463e-05,554.0,0.030265019999999997
BRD/BTC,1544632972917,2018-12-12T16:42:52.917Z,sell,5.465e-05,555.0,0.03033075
BRD/BTC,1544632972917,2018-12-12T16:42:52.917Z,sell,5.465e-05,555.0,0.03033075
BRD/BTC,1544634279078,2018-12-12T17:04:39.078Z,buy,5.491e-05,129.0,0.00708339
BRD/BTC,1544634377923,2018-12-12T17:06:17.923Z,sell,5.455e-05,45.0,0.00245475
BRD/BTC,1544634378808,2018-12-12T17:06:18.808Z,sell,5.455e-05,93.0,0.00507315
BRD/BTC,1544634381197,2018-12-12T17:06:21.197Z,buy,5.491e-05,21.0,0.00115311
BRD/BTC,1544634625821,2018-12-12T17:10:25.821Z,buy,5.461e-05,36.0,0.00196596
BRD/BTC,1544634625907,2018-12-12T17:10:25.907Z,sell,5.461e-05,26.0,0.00141986
BRD/BTC,1544634626115,2018-12-12T17:10:26.115Z,sell,5.461e-05,29.0,0.00158369
BRD/BTC,1544635136842,2018-12-12T17:18:56.842Z,buy,5.484e-05,105.0,0.0057582
BRD/BTC,1544635888141,2018-12-12T17:31:28.141Z,buy,5.482e-05,142.0,0.00778444
BRD/BTC,1544635967306,2018-12-12T17:32:47.306Z,sell,5.443e-05,68.0,0.0037012399999999997
BRD/BTC,1544636199442,2018-12-12T17:36:39.442Z,sell,5.444e-05,203.0,0.01105132
BRD/BTC,1544636208800,2018-12-12T17:36:48.800Z,sell,5.443e-05,214.0,0.01164802
BRD/BTC,1544636208800,2018-12-12T17:36:48.800Z,sell,5.443e-05,214.0,0.01164802
BRD/BTC,1544636826873,2018-12-12T17:47:06.873Z,buy,5.481e-05,91.0,0.00498771
BRD/BTC,1544636827423,2018-12-12T17:47:07.423Z,buy,5.481e-05,109.0,0.00597429
BRD/BTC,1544636827498,2018-12-12T17:47:07.498Z,buy,5.481e-05,109.0,0.00597429
BRD/BTC,1544636827864,2018-12-12T17:47:07.864Z,buy,5.481e-05,91.0,0.00498771
BRD/BTC,1544636968515,2018-12-12T17:49:28.515Z,buy,5.481e-05,549.0,0.03009069
BRD/BTC,1544636968515,2018-12-12T17:49:28.515Z,buy,5.486e-05,775.0,0.0425165
BRD/BTC,1544636968515,2018-12-12T17:49:28.515Z,buy,5.507e-05,143.0,0.00787501
BRD/BTC,1544636968515,2018-12-12T17:49:28.515Z,buy,5.547e-05,146.0,0.00809862
BRD/BTC,1544636968515,2018-12-12T17:49:28.515Z,buy,5.548e-05,1392.0,0.07722815999999999
BRD/BTC,1544636969563,2018-12-12T17:49:29.563Z,buy,5.499e-05,119.0,0.00654381
BRD/BTC,1544636969563,2018-12-12T17:49:29.563Z,buy,5.5e-05,799.0,0.043945000000000005
BRD/BTC,1544636970575,2018-12-12T17:49:30.575Z,buy,5.499e-05,509.0,0.02798991
BRD/BTC,1544636970575,2018-12-12T17:49:30.575Z,buy,5.551e-05,1680.0,0.0932568
BRD/BTC,1544636970575,2018-12-12T17:49:30.575Z,buy,5.562e-05,49.0,0.00272538
BRD/BTC,1544636970575,2018-12-12T17:49:30.575Z,buy,5.578e-05,21.0,0.0011713799999999999
BRD/BTC,1544636970575,2018-12-12T17:49:30.575Z,buy,5.579e-05,2202.0,0.12284958
BRD/BTC,1544636970728,2018-12-12T17:49:30.728Z,sell,5.503e-05,210.0,0.0115563
BRD/BTC,1544636970858,2018-12-12T17:49:30.858Z,sell,5.497e-05,22.0,0.00120934
BRD/BTC,1544636970964,2018-12-12T17:49:30.964Z,sell,5.497e-05,22.0,0.00120934
BRD/BTC,1544636971657,2018-12-12T17:49:31.657Z,sell,5.497e-05,110.0,0.0060466999999999995
BRD/BTC,1544636973267,2018-12-12T17:49:33.267Z,sell,5.498e-05,73.0,0.00401354
BRD/BTC,1544636973408,2018-12-12T17:49:33.408Z,buy,5.549e-05,119.0,0.00660331
BRD/BTC,1544636973408,2018-12-12T17:49:33.408Z,buy,5.55e-05,1567.0,0.0869685
BRD/BTC,1544636974220,2018-12-12T17:49:34.220Z,sell,5.498e-05,91.0,0.00500318
BRD/BTC,1544636974414,2018-12-12T17:49:34.414Z,buy,5.579e-05,1415.0,0.07894285
BRD/BTC,1544636975052,2018-12-12T17:49:35.052Z,sell,5.5e-05,110.0,0.00605
BRD/BTC,1544636975245,2018-12-12T17:49:35.245Z,sell,5.5e-05,77.0,0.004235
BRD/BTC,1544636975377,2018-12-12T17:49:35.377Z,buy,5.5e-05,14.0,0.0007700000000000001
BRD/BTC,1544636975441,2018-12-12T17:49:35.441Z,buy,5.578e-05,119.0,0.00663782
BRD/BTC,1544636975441,2018-12-12T17:49:35.441Z,buy,5.579e-05,542.0,0.03023818
BRD/BTC,1544636975441,2018-12-12T17:49:35.441Z,buy,5.581e-05,54.0,0.00301374
