symbol,timestamp,datetime,side,price,amount,btc_volume
BRD/BTC,1541091622270,2018-11-01T17:00:22.270Z,buy,5.647e-05,62.0,0.00350114
BRD/BTC,1541091622493,2018-11-01T17:00:22.493Z,buy,5.647e-05,62.0,0.00350114
BRD/BTC,1541091625729,2018-11-01T17:00:25.729Z,buy,5.647e-05,21.0,0.00118587
BRD/BTC,1541091672504,2018-11-01T17:01:12.504Z,buy,5.647e-05,58.0,0.00327526
BRD/BTC,1541091724673,2018-11-01T17:02:04.673Z,sell,5.647e-05,260.0,0.0146822
BRD/BTC,1541091776963,2018-11-01T17:02:56.963Z,buy,5.647e-05,253.0,0.01428691
BRD/BTC,1541091787209,2018-11-01T17:03:07.209Z,buy,5.647e-05,393.0,0.02219271
BRD/BTC,1541091802012,2018-11-01T17:03:22.012Z,sell,5.646e-05,18.0,0.00101628
BRD/BTC,1541091803274,2018-11-01T17:03:23.274Z,buy,5.647e-05,81.0,0.00457407
BRD/BTC,1541091803274,2018-11-01T17:03:23.274Z,buy,5.65e-05,1158.0,0.065427
BRD/BTC,1541091803274,2018-11-01T17:03:23.274Z,buy,5.653e-05,538.0,0.03041314
BRD/BTC,1541091812233,2018-11-01T17:03:32.233Z,buy,5.653e-05,4.0,0.00022612
BRD/BTC,1541091844142,2018-11-01T17:04:04.142Z,sell,5.648e-05,444.0,0.02507712
BRD/BTC,1541091901501,2018-11-01T17:05:01.501Z,buy,5.648e-05,350.0,0.019768
BRD/BTC,1541091955066,2018-11-01T17:05:55.066Z,buy,5.651e-05,287.0,0.01621837
BRD/BTC,1541091955322,2018-11-01T17:05:55.322Z,buy,5.651e-05,700.0,0.039557
BRD/BTC,1541091963668,2018-11-01T17:06:03.668Z,sell,5.649e-05,169.0,0.009546810000000001
BRD/BTC,1541091967356,2018-11-01T17:06:07.356Z,sell,5.649e-05,187.0,0.010563630000000001
BRD/BTC,1541091979772,2018-11-01T17:06:19.772Z,buy,5.649e-05,169.0,0.009546810000000001
BRD/BTC,1541091982544,2018-11-01T17:06:22.544Z,buy,5.653e-05,864.0,0.048841920000000004
BRD/BTC,1541091988938,2018-11-01T17:06:28.938Z,buy,5.655e-05,383.0,0.021658649999999998
BRD/BTC,1541091990570,2018-11-01T17:06:30.570Z,sell,5.655e-05,174.0,0.0098397
BRD/BTC,1541091991369,2018-11-01T17:06:31.369Z,buy,5.656e-05,18.0,0.00101808
BRD/BTC,1541092003940,2018-11-01T17:06:43.940Z,sell,5.655e-05,799.0,0.04518345
BRD/BTC,1541092118224,2018-11-01T17:08:38.224Z,buy,5.655e-05,1691.0,0.09562605
BRD/BTC,1541092157093,2018-11-01T17:09:17.093Z,sell,5.655e-05,126.0,0.0071253
BRD/BTC,1541092276589,2018-11-01T17:11:16.589Z,buy,5.656e-05,28.0,0.00158368
BRD/BTC,1541092279526,2018-11-01T17:11:19.526Z,sell,5.656e-05,16.0,0.00090496
BRD/BTC,1541092321258,2018-11-01T17:12:01.258Z,buy,5.657e-05,46.0,0.00260222
BRD/BTC,1541092321516,2018-11-01T17:12:01.516Z,buy,5.657e-05,42.0,0.00237594
BRD/BTC,1541092322218,2018-11-01T17:12:02.218Z,sell,5.657e-05,558.0,0.03156606
BRD/BTC,1541092332730,2018-11-01T17:12:12.730Z,buy,5.658e-05,121.0,0.0068461799999999995
BRD/BTC,1541092332730,2018-11-01T17:12:12.730Z,buy,5.66e-05,440.0,0.024904
BRD/BTC,1541092335973,2018-11-01T17:12:15.973Z,buy,5.661e-05,20.0,0.0011322
BRD/BTC,1541092380622,2018-11-01T17:13:00.622Z,sell,5.66e-05,1758.0,0.0995028
BRD/BTC,1541092432639,2018-11-01T17:13:52.639Z,buy,5.666e-05,418.0,0.02368388
BRD/BTC,1541092432639,2018-11-01T17:13:52.639Z,buy,5.67e-05,299.0,0.0169533
BRD/BTC,1541092432639,2018-11-01T17:13:52.639Z,buy,5.675e-05,140.0,0.007944999999999999
BRD/BTC,1541092432639,2018-11-01T17:13:52.639Z,buy,5.676e-05,3345.0,0.1898622
BRD/BTC,1541092445586,2018-11-01T17:14:05.586Z,sell,5.657e-05,421.0,0.023815970000000002
BRD/BTC,1541092445604,2018-11-01T17:14:05.604Z,sell,5.657e-05,170.0,0.009616900000000001
BRD/BTC,1541092619971,2018-11-01T17:16:59.971Z,sell,5.663e-05,38.0,0.0021519399999999998
BRD/BTC,1541092632767,2018-11-01T17:17:12.767Z,buy,5.676e-05,43.0,0.0024406799999999998
BRD/BTC,1541092632803,2018-11-01T17:17:12.803Z,sell,5.676e-05,166.0,0.00942216
BRD/BTC,1541092632805,2018-11-01T17:17:12.805Z,sell,5.676e-05,112.0,0.00635712
BRD/BTC,1541092632805,2018-11-01T17:17:12.805Z,sell,5.676e-05,114.0,0.00647064
BRD/BTC,1541092633774,2018-11-01T17:17:13.774Z,sell,5.676e-05,191.0,0.010841159999999999
BRD/BTC,1541092643665,2018-11-01T17:17:23.665Z,sell,5.676e-05,2096.0,0.11896896
BRD/BTC,1541092654348,2018-11-01T17:17:34.348Z,buy,5.67e-05,790.0,0.044793
BRD/BTC,1541092654357,2018-11-01T17:17:34.357Z,sell,5.664e-05,326.0,0.01846464
BRD/BTC,1541092654371,2018-11-01T17:17:34.371Z,sell,5.664e-05,297.0,0.01682208
BRD/BTC,1541092805870,2018-11-01T17:20:05.870Z,sell,5.664e-05,393.0,0.02225952
BRD/BTC,1541092806668,2018-11-01T17:20:06.668Z,buy,5.677e-05,176.0,0.00999152
BRD/BTC,1541092835997,2018-11-01T17:20:35.997Z,sell,5.665e-05,416.0,0.0235664
BRD/BTC,1541092836017,2018-11-01T17:20:36.017Z,sell,5.665e-05,457.0,0.02588905
BRD/BTC,1541092974514,2018-11-01T17:22:54.514Z,buy,5.677e-05,64.0,0.00363328
BRD/BTC,1541092975615,2018-11-01T17:22:55.615Z,buy,5.677e-05,36.0,0.00204372
BRD/BTC,1541092976677,2018-11-01T17:22:56.677Z,buy,5.677e-05,36.0,0.00204372
BRD/BTC,1541092977789,2018-11-01T17:22:57.789Z,buy,5.677e-05,36.0,0.00204372
BRD/BTC,1541092985243,2018-11-01T17:23:05.243Z,sell,5.666e-05,297.0,0.016828020000000003
BRD/BTC,1541093005193,2018-11-01T17:23:25.193Z,buy,5.677e-05,68.0,0.00386036
BRD/BTC,1541093114161,2018-11-01T17:25:14.161Z,sell,5.678e-05,310.0,0.0176018
BRD/BTC,1541093114188,2018-11-01T17:25:14.188Z,sell,5.678e-05,183.0,0.01039074
BRD/BTC,1541093164577,2018-11-01T17:26:04.577Z,buy,5.678e-05,463.0,0.026289140000000003
BRD/BTC,1541093164590,2018-11-01T17:26:04.590Z,buy,5.678e-05,435.0,0.0246993
BRD/BTC,1541093194986,2018-11-01T17:26:34.986Z,buy,5.679e-05,111.0,0.00630369
BRD/BTC,1541093453947,2018-11-01T17:30:53.947Z,buy,5.681e-05,81.0,0.00460161
BRD/BTC,1541093453947,2018-11-01T17:30:53.947Z,buy,5.682e-05,219.0,0.012443580000000001
BRD/BTC,1541093544039,2018-11-01T17:32:24.039Z,sell,5.681e-05,18.0,0.00102258
BRD/BTC,1541093544055,2018-11-01T17:32:24.055Z,sell,5.681e-05,343.0,0.01948583
BRD/BTC,1541093570303,2018-11-01T17:32:50.303Z,buy,5.682e-05,100.0,0.005682
BRD/BTC,1541093703694,2018-11-01T17:35:03.694Z,buy,5.681e-05,241.0,0.01369121
BRD/BTC,1541093703714,2018-11-01T17:35:03.714Z,buy,5.681e-05,166.0,0.00943046
BRD/BTC,1541093735864,2018-11-01T17:35:35.864Z,sell,5.68e-05,1056.0,0.0599808
BRD/BTC,1541093736868,2018-11-01T17:35:36.868Z,sell,5.679e-05,971.0,0.05514309
BRD/BTC,1541093738863,2018-11-01T17:35:38.863Z,sell,5.677e-05,883.0,0.05012791
BRD/BTC,1541093740793,2018-11-01T17:35:40.793Z,sell,5.67e-05,79.0,0.0044793
BRD/BTC,1541093740902,2018-11-01T17:35:40.902Z,sell,5.67e-05,110.0,0.006237
BRD/BTC,1541093770721,2018-11-01T17:36:10.721Z,sell,5.671e-05,176.0,0.009980959999999999
BRD/BTC,1541093905475,2018-11-01T17:38:25.475Z,buy,5.681e-05,1.0,5.681e-05
BRD/BTC,1541094005739,2018-11-01T17:40:05.739Z,sell,5.672e-05,161.0,0.00913192
BRD/BTC,1541094005764,2018-11-01T17:40:05.764Z,sell,5.672e-05,455.0,0.0258076
BRD/BTC,1541094029330,2018-11-01T17:40:29.330Z,buy,5.681e-05,3.0,0.00017043
BRD/BTC,1541094074937,2018-11-01T17:41:14.937Z,buy,5.675e-05,398.0,0.0225865
BRD/BTC,1541094074942,2018-11-01T17:41:14.942Z,buy,5.68e-05,208.0,0.0118144
BRD/BTC,1541094074965,2018-11-01T17:41:14.965Z,buy,5.68e-05,162.0,0.009201599999999999
BRD/BTC,1541094134350,2018-11-01T17:42:14.350Z,buy,5.681e-05,3.0,0.00017043
BRD/BTC,1541094164488,2018-11-01T17:42:44.488Z,buy,5.681e-05,1.0,5.681e-05
BRD/BTC,1541094251431,2018-11-01T17:44:11.431Z,buy,5.679e-05,1.0,5.679e-05
BRD/BTC,1541094303956,2018-11-01T17:45:03.956Z,sell,5.673e-05,276.0,0.01565748
BRD/BTC,1541094306162,2018-11-01T17:45:06.162Z,sell,5.672e-05,500.0,0.02836
BRD/BTC,1541094309008,2018-11-01T17:45:09.008Z,sell,5.671e-05,190.0,0.010774899999999999
BRD/BTC,1541094310005,2018-11-01T17:45:10.005Z,sell,5.67e-05,340.0,0.019278
BRD/BTC,1541094350446,2018-11-01T17:45:50.446Z,sell,5.663e-05,87.0,0.00492681
BRD/BTC,1541094382743,2018-11-01T17:46:22.743Z,sell,5.664e-05,34.0,0.0019257599999999999
BRD/BTC,1541094536561,2018-11-01T17:48:56.561Z,sell,5.664e-05,150.0,0.008496
BRD/BTC,1541094544171,2018-11-01T17:49:04.171Z,sell,5.665e-05,413.0,0.02339645
BRD/BTC,1541094640486,2018-11-01T17:50:40.486Z,buy,5.677e-05,252.0,0.01430604
BRD/BTC,1541094640507,2018-11-01T17:50:40.507Z,buy,5.677e-05,382.0,0.02168614
BRD/BTC,1541094754613,2018-11-01T17:52:34.613Z,buy,5.677e-05,173.0,0.00982121
BRD/BTC,1541094783844,2018-11-01T17:53:03.844Z,sell,5.667e-05,383.0,0.02170461
BRD/BTC,1541094783862,2018-11-01T17:53:03.862Z,sell,5.667e-05,106.0,0.00600702
BRD/BTC,1541094809807,2018-11-01T17:53:29.807Z,buy,5.677e-05,2.0,0.00011354
BRD/BTC,1541094917414,2018-11-01T17:55:17.414Z,buy,5.677e-05,139.0,0.00789103
BRD/BTC,1541094944773,2018-11-01T17:55:44.773Z,buy,5.676e-05,134.0,0.00760584
BRD/BTC,1541094990231,2018-11-01T17:56:30.231Z,buy,5.677e-05,310.0,0.0175987
BRD/BTC,1541095085131,2018-11-01T17:58:05.131Z,buy,5.681e-05,367.0,0.02084927
BRD/BTC,1541095092853,2018-11-01T17:58:12.853Z,buy,5.682e-05,125.0,0.0071025
BRD/BTC,1541095092853,2018-11-01T17:58:12.853Z,buy,5.683e-05,479.0,0.02722157
BRD/BTC,1541095109524,2018-11-01T17:58:29.524Z,sell,5.67e-05,116.0,0.0065772
BRD/BTC,1541095109524,2018-11-01T17:58:29.524Z,sell,5.67e-05,116.0,0.0065772
BRD/BTC,1541095245477,2018-11-01T18:00:45.477Z,buy,5.683e-05,125.0,0.007103750000000001
BRD/BTC,1541095245477,2018-11-01T18:00:45.477Z,buy,5.685e-05,87.0,0.00494595
BRD/BTC,1541095245477,2018-11-01T18:00:45.477Z,buy,5.687e-05,1194.0,0.06790278000000001
BRD/BTC,1541095245807,2018-11-01T18:00:45.807Z,buy,5.687e-05,21.0,0.00119427
BRD/BTC,1541095263795,2018-11-01T18:01:03.795Z,buy,5.678e-05,791.0,0.04491298
BRD/BTC,1541095263808,2018-11-01T18:01:03.808Z,sell,5.67e-05,208.0,0.011793600000000001
BRD/BTC,1541095263823,2018-11-01T18:01:03.823Z,sell,5.67e-05,477.0,0.0270459
BRD/BTC,1541095291251,2018-11-01T18:01:31.251Z,sell,5.67e-05,145.0,0.0082215
BRD/BTC,1541095325640,2018-11-01T18:02:05.640Z,buy,5.685e-05,292.0,0.0166002
BRD/BTC,1541095505130,2018-11-01T18:05:05.130Z,sell,5.67e-05,484.0,0.0274428
BRD/BTC,1541095505140,2018-11-01T18:05:05.140Z,sell,5.67e-05,109.0,0.0061803000000000006
BRD/BTC,1541095566192,2018-11-01T18:06:06.192Z,buy,5.685e-05,497.0,0.02825445
BRD/BTC,1541095588559,2018-11-01T18:06:28.559Z,buy,5.686e-05,604.0,0.03434344
BRD/BTC,1541095589187,2018-11-01T18:06:29.187Z,sell,5.686e-05,122.0,0.00693692
BRD/BTC,1541095589262,2018-11-01T18:06:29.262Z,sell,5.67e-05,30.0,0.001701
BRD/BTC,1541095599456,2018-11-01T18:06:39.456Z,buy,5.687e-05,43.0,0.0024454100000000003
BRD/BTC,1541095619153,2018-11-01T18:06:59.153Z,buy,5.687e-05,32.0,0.00181984
BRD/BTC,1541095630966,2018-11-01T18:07:10.966Z,buy,5.687e-05,98.0,0.00557326
BRD/BTC,1541095684138,2018-11-01T18:08:04.138Z,sell,5.671e-05,288.0,0.01633248
BRD/BTC,1541095684151,2018-11-01T18:08:04.151Z,sell,5.671e-05,128.0,0.00725888
BRD/BTC,1541095775517,2018-11-01T18:09:35.517Z,sell,5.672e-05,140.0,0.0079408
BRD/BTC,1541095775532,2018-11-01T18:09:35.532Z,sell,5.672e-05,50.0,0.002836
BRD/BTC,1541095805923,2018-11-01T18:10:05.923Z,sell,5.672e-05,468.0,0.02654496
BRD/BTC,1541095882521,2018-11-01T18:11:22.521Z,buy,5.687e-05,11.0,0.00062557
BRD/BTC,1541095882521,2018-11-01T18:11:22.521Z,buy,5.688e-05,111.0,0.0063136799999999995
BRD/BTC,1541095882521,2018-11-01T18:11:22.521Z,buy,5.689e-05,35.0,0.00199115
BRD/BTC,1541095882521,2018-11-01T18:11:22.521Z,buy,5.69e-05,600.0,0.034140000000000004
BRD/BTC,1541095887335,2018-11-01T18:11:27.335Z,sell,5.69e-05,215.0,0.0122335
BRD/BTC,1541095888288,2018-11-01T18:11:28.288Z,sell,5.69e-05,334.0,0.0190046
BRD/BTC,1541095965504,2018-11-01T18:12:45.504Z,buy,5.689e-05,347.0,0.01974083
BRD/BTC,1541095965524,2018-11-01T18:12:45.524Z,buy,5.689e-05,497.0,0.02827433
BRD/BTC,1541096092662,2018-11-01T18:14:52.662Z,buy,5.69e-05,40.0,0.0022760000000000002
BRD/BTC,1541096104063,2018-11-01T18:15:04.063Z,sell,5.689e-05,387.0,0.02201643
BRD/BTC,1541096192395,2018-11-01T18:16:32.395Z,sell,5.689e-05,179.0,0.01018331
BRD/BTC,1541096192417,2018-11-01T18:16:32.417Z,sell,5.689e-05,271.0,0.015417189999999999
BRD/BTC,1541096196429,2018-11-01T18:16:36.429Z,buy,5.69e-05,159.0,0.0090471
BRD/BTC,1541096286805,2018-11-01T18:18:06.805Z,buy,5.691e-05,23.0,0.00130893
BRD/BTC,1541096286805,2018-11-01T18:18:06.805Z,buy,5.693e-05,152.0,0.00865336
BRD/BTC,1541096291341,2018-11-01T18:18:11.341Z,buy,5.693e-05,60.0,0.0034158
BRD/BTC,1541096310908,2018-11-01T18:18:30.908Z,buy,5.696e-05,111.0,0.00632256
BRD/BTC,1541096310908,2018-11-01T18:18:30.908Z,buy,5.697e-05,317.0,0.01805949
BRD/BTC,1541096310908,2018-11-01T18:18:30.908Z,buy,5.703e-05,111.0,0.00633033
BRD/BTC,1541096310908,2018-11-01T18:18:30.908Z,buy,5.704e-05,27.0,0.00154008
BRD/BTC,1541096310908,2018-11-01T18:18:30.908Z,buy,5.707e-05,732.0,0.04177524
BRD/BTC,1541096310908,2018-11-01T18:18:30.908Z,buy,5.708e-05,2336.0,0.13333888
BRD/BTC,1541096310941,2018-11-01T18:18:30.941Z,sell,5.708e-05,86.0,0.00490888
BRD/BTC,1541096310951,2018-11-01T18:18:30.951Z,sell,5.708e-05,83.0,0.00473764
BRD/BTC,1541096322234,2018-11-01T18:18:42.234Z,sell,5.693e-05,70.0,0.0039851
BRD/BTC,1541096404105,2018-11-01T18:20:04.105Z,sell,5.695e-05,37.0,0.00210715
BRD/BTC,1541096425490,2018-11-01T18:20:25.490Z,sell,5.696e-05,494.0,0.02813824
BRD/BTC,1541096425511,2018-11-01T18:20:25.511Z,sell,5.696e-05,390.0,0.0222144
BRD/BTC,1541096526021,2018-11-01T18:22:06.021Z,buy,5.711e-05,311.0,0.01776121
BRD/BTC,1541096526045,2018-11-01T18:22:06.045Z,buy,5.711e-05,154.0,0.00879494
BRD/BTC,1541096567790,2018-11-01T18:22:47.790Z,buy,5.712e-05,44.0,0.00251328
BRD/BTC,1541096567790,2018-11-01T18:22:47.790Z,buy,5.713e-05,131.0,0.007484029999999999
BRD/BTC,1541096578310,2018-11-01T18:22:58.310Z,buy,5.713e-05,91.0,0.00519883
BRD/BTC,1541096681782,2018-11-01T18:24:41.782Z,sell,5.698e-05,312.0,0.01777776
BRD/BTC,1541096681797,2018-11-01T18:24:41.797Z,sell,5.698e-05,312.0,0.01777776
BRD/BTC,1541096687312,2018-11-01T18:24:47.312Z,buy,5.713e-05,20.0,0.0011426
BRD/BTC,1541096690385,2018-11-01T18:24:50.385Z,sell,5.697e-05,36.0,0.00205092
BRD/BTC,1541096699549,2018-11-01T18:24:59.549Z,sell,5.697e-05,114.0,0.00649458
BRD/BTC,1541096736332,2018-11-01T18:25:36.332Z,buy,5.697e-05,139.0,0.00791883
BRD/BTC,1541096813047,2018-11-01T18:26:53.047Z,sell,5.697e-05,289.0,0.01646433
BRD/BTC,1541096884216,2018-11-01T18:28:04.216Z,sell,5.698e-05,353.0,0.02011394
BRD/BTC,1541096933695,2018-11-01T18:28:53.695Z,sell,5.698e-05,310.0,0.0176638
BRD/BTC,1541097126083,2018-11-01T18:32:06.083Z,sell,5.698e-05,425.0,0.0242165
BRD/BTC,1541097134508,2018-11-01T18:32:14.508Z,sell,5.698e-05,127.0,0.00723646
BRD/BTC,1541097172036,2018-11-01T18:32:52.036Z,buy,5.711e-05,35.0,0.00199885
BRD/BTC,1541097244433,2018-11-01T18:34:04.433Z,sell,5.698e-05,442.0,0.02518516
BRD/BTC,1541097360948,2018-11-01T18:36:00.948Z,buy,5.704e-05,1209.0,0.06896136
BRD/BTC,1541097360953,2018-11-01T18:36:00.953Z,buy,5.71e-05,480.0,0.027408
BRD/BTC,1541097402735,2018-11-01T18:36:42.735Z,buy,5.711e-05,38.0,0.00217018
BRD/BTC,1541097402735,2018-11-01T18:36:42.735Z,buy,5.714e-05,266.0,0.01519924
BRD/BTC,1541097402816,2018-11-01T18:36:42.816Z,sell,5.714e-05,172.0,0.00982808
BRD/BTC,1541097402863,2018-11-01T18:36:42.863Z,sell,5.714e-05,193.0,0.01102802
BRD/BTC,1541097402877,2018-11-01T18:36:42.877Z,sell,5.714e-05,72.0,0.00411408
BRD/BTC,1541097406004,2018-11-01T18:36:46.004Z,sell,5.698e-05,187.0,0.01065526
BRD/BTC,1541097425046,2018-11-01T18:37:05.046Z,buy,5.716e-05,53.0,0.00302948
BRD/BTC,1541097487974,2018-11-01T18:38:07.974Z,sell,5.699e-05,325.0,0.01852175
BRD/BTC,1541097491355,2018-11-01T18:38:11.355Z,buy,5.717e-05,3179.0,0.18174343
BRD/BTC,1541097491355,2018-11-01T18:38:11.355Z,buy,5.719e-05,239.0,0.01366841
BRD/BTC,1541097491355,2018-11-01T18:38:11.355Z,buy,5.722e-05,72.0,0.00411984
BRD/BTC,1541097491355,2018-11-01T18:38:11.355Z,buy,5.723e-05,262.0,0.01499426
BRD/BTC,1541097499305,2018-11-01T18:38:19.305Z,sell,5.699e-05,2.0,0.00011398
BRD/BTC,1541097597011,2018-11-01T18:39:57.011Z,sell,5.699e-05,57.0,0.00324843
BRD/BTC,1541097612755,2018-11-01T18:40:12.755Z,sell,5.7e-05,163.0,0.009291
BRD/BTC,1541097612755,2018-11-01T18:40:12.755Z,sell,5.699e-05,31.0,0.00176669
BRD/BTC,1541097725848,2018-11-01T18:42:05.848Z,sell,5.7e-05,41.0,0.002337
BRD/BTC,1541097849824,2018-11-01T18:44:09.824Z,sell,5.699e-05,53.0,0.00302047
BRD/BTC,1541097857883,2018-11-01T18:44:17.883Z,sell,5.699e-05,515.0,0.02934985
BRD/BTC,1541097857883,2018-11-01T18:44:17.883Z,sell,5.698e-05,959.0,0.05464382
BRD/BTC,1541097858562,2018-11-01T18:44:18.562Z,sell,5.697e-05,142.0,0.00808974
BRD/BTC,1541097866809,2018-11-01T18:44:26.809Z,sell,5.685e-05,185.0,0.01051725
BRD/BTC,1541097866809,2018-11-01T18:44:26.809Z,sell,5.678e-05,328.0,0.01862384
BRD/BTC,1541097866809,2018-11-01T18:44:26.809Z,sell,5.675e-05,1053.0,0.05975775
BRD/BTC,1541097866809,2018-11-01T18:44:26.809Z,sell,5.674e-05,1392.0,0.07898208000000001
BRD/BTC,1541097870212,2018-11-01T18:44:30.212Z,sell,5.673e-05,80.0,0.0045384
BRD/BTC,1541097875372,2018-11-01T18:44:35.372Z,sell,5.672e-05,229.0,0.01298888
BRD/BTC,1541097875372,2018-11-01T18:44:35.372Z,sell,5.671e-05,3111.0,0.17642481
BRD/BTC,1541097895208,2018-11-01T18:44:55.208Z,buy,5.673e-05,62.0,0.00351726
BRD/BTC,1541098023796,2018-11-01T18:47:03.796Z,buy,5.684e-05,522.0,0.02967048
BRD/BTC,1541098023811,2018-11-01T18:47:03.811Z,sell,5.674e-05,390.0,0.022128600000000002
BRD/BTC,1541098129658,2018-11-01T18:48:49.658Z,buy,5.689e-05,48.0,0.00273072
BRD/BTC,1541098129658,2018-11-01T18:48:49.658Z,buy,5.695e-05,127.0,0.00723265
BRD/BTC,1541098141531,2018-11-01T18:49:01.531Z,buy,5.694e-05,207.0,0.01178658
BRD/BTC,1541098141547,2018-11-01T18:49:01.547Z,buy,5.694e-05,363.0,0.02066922
BRD/BTC,1541098323811,2018-11-01T18:52:03.811Z,sell,5.681e-05,465.0,0.02641665
BRD/BTC,1541098323823,2018-11-01T18:52:03.823Z,sell,5.681e-05,226.0,0.01283906
BRD/BTC,1541098382331,2018-11-01T18:53:02.331Z,sell,5.679e-05,476.0,0.027032039999999997
BRD/BTC,1541098441805,2018-11-01T18:54:01.805Z,buy,5.71e-05,84.0,0.0047964
BRD/BTC,1541098477432,2018-11-01T18:54:37.432Z,sell,5.679e-05,1.0,5.679e-05
BRD/BTC,1541098550199,2018-11-01T18:55:50.199Z,sell,5.68e-05,127.0,0.0072136
BRD/BTC,1541098625799,2018-11-01T18:57:05.799Z,sell,5.679e-05,119.0,0.006758009999999999
BRD/BTC,1541098629352,2018-11-01T18:57:09.352Z,buy,5.68e-05,46.0,0.0026127999999999998
BRD/BTC,1541098661880,2018-11-01T18:57:41.880Z,sell,5.678e-05,37.0,0.00210086
BRD/BTC,1541098661880,2018-11-01T18:57:41.880Z,sell,5.678e-05,37.0,0.00210086
BRD/BTC,1541098761266,2018-11-01T18:59:21.266Z,sell,5.679e-05,171.0,0.009711089999999999
BRD/BTC,1541098762470,2018-11-01T18:59:22.470Z,sell,5.678e-05,100.0,0.005678
BRD/BTC,1541098825466,2018-11-01T19:00:25.466Z,sell,5.679e-05,241.0,0.01368639
BRD/BTC,1541098825483,2018-11-01T19:00:25.483Z,sell,5.679e-05,467.0,0.026520929999999998
BRD/BTC,1541098859975,2018-11-01T19:00:59.975Z,buy,5.68e-05,1.0,5.68e-05
BRD/BTC,1541098923697,2018-11-01T19:02:03.697Z,sell,5.681e-05,320.0,0.0181792
BRD/BTC,1541099081674,2018-11-01T19:04:41.674Z,sell,5.682e-05,452.0,0.02568264
BRD/BTC,1541099081691,2018-11-01T19:04:41.691Z,sell,5.682e-05,99.0,0.0056251800000000005
BRD/BTC,1541099136623,2018-11-01T19:05:36.623Z,buy,5.696e-05,1455.0,0.0828768
BRD/BTC,1541099163761,2018-11-01T19:06:03.761Z,sell,5.677e-05,200.0,0.011354
BRD/BTC,1541099298983,2018-11-01T19:08:18.983Z,sell,5.677e-05,476.0,0.02702252
BRD/BTC,1541099298997,2018-11-01T19:08:18.997Z,sell,5.677e-05,418.0,0.02372986
BRD/BTC,1541099417922,2018-11-01T19:10:17.922Z,buy,5.696e-05,35.0,0.0019936
BRD/BTC,1541099525838,2018-11-01T19:12:05.838Z,sell,5.677e-05,447.0,0.02537619
BRD/BTC,1541099525858,2018-11-01T19:12:05.858Z,sell,5.677e-05,108.0,0.00613116
BRD/BTC,1541099592082,2018-11-01T19:13:12.082Z,buy,5.685e-05,104.0,0.0059124
BRD/BTC,1541099592100,2018-11-01T19:13:12.100Z,buy,5.695e-05,432.0,0.0246024
BRD/BTC,1541099592126,2018-11-01T19:13:12.126Z,buy,5.695e-05,44.0,0.0025058
BRD/BTC,1541099695689,2018-11-01T19:14:55.689Z,buy,5.696e-05,175.0,0.009968
BRD/BTC,1541099782887,2018-11-01T19:16:22.887Z,sell,5.676e-05,176.0,0.00998976
BRD/BTC,1541099825251,2018-11-01T19:17:05.251Z,sell,5.675e-05,477.0,0.02706975
BRD/BTC,1541099844356,2018-11-01T19:17:24.356Z,buy,5.676e-05,200.0,0.011352
BRD/BTC,1541099844695,2018-11-01T19:17:24.695Z,sell,5.675e-05,303.0,0.01719525
BRD/BTC,1541099844709,2018-11-01T19:17:24.709Z,sell,5.675e-05,392.0,0.022246
BRD/BTC,1541099968757,2018-11-01T19:19:28.757Z,sell,5.674e-05,334.0,0.01895116
BRD/BTC,1541100002024,2018-11-01T19:20:02.024Z,sell,5.673e-05,1161.0,0.06586353
BRD/BTC,1541100027031,2018-11-01T19:20:27.031Z,buy,5.673e-05,370.0,0.0209901
BRD/BTC,1541100030121,2018-11-01T19:20:30.121Z,buy,5.673e-05,216.0,0.01225368
BRD/BTC,1541100030558,2018-11-01T19:20:30.558Z,buy,5.673e-05,109.0,0.00618357
BRD/BTC,1541100031027,2018-11-01T19:20:31.027Z,buy,5.673e-05,313.0,0.01775649
BRD/BTC,1541100059031,2018-11-01T19:20:59.031Z,sell,5.694e-05,90.0,0.0051246
BRD/BTC,1541100065686,2018-11-01T19:21:05.686Z,sell,5.673e-05,324.0,0.01838052
BRD/BTC,1541100065702,2018-11-01T19:21:05.702Z,sell,5.673e-05,124.0,0.00703452
BRD/BTC,1541100162950,2018-11-01T19:22:42.950Z,sell,5.673e-05,245.0,0.01389885
BRD/BTC,1541100162970,2018-11-01T19:22:42.970Z,sell,5.673e-05,186.0,0.01055178
BRD/BTC,1541100244546,2018-11-01T19:24:04.546Z,sell,5.673e-05,285.0,0.01616805
BRD/BTC,1541100244571,2018-11-01T19:24:04.571Z,sell,5.673e-05,148.0,0.00839604
BRD/BTC,1541100454177,2018-11-01T19:27:34.177Z,sell,5.674e-05,291.0,0.01651134
BRD/BTC,1541100604410,2018-11-01T19:30:04.410Z,sell,5.672e-05,487.0,0.02762264
BRD/BTC,1541100725786,2018-11-01T19:32:05.786Z,sell,5.673e-05,78.0,0.0044249400000000005
BRD/BTC,1541100725809,2018-11-01T19:32:05.809Z,sell,5.673e-05,368.0,0.020876640000000002
BRD/BTC,1541100825025,2018-11-01T19:33:45.025Z,buy,5.695e-05,165.0,0.00939675
BRD/BTC,1541100825025,2018-11-01T19:33:45.025Z,buy,5.696e-05,10.0,0.0005696
BRD/BTC,1541100846048,2018-11-01T19:34:06.048Z,buy,5.685e-05,966.0,0.054917099999999996
BRD/BTC,1541100846060,2018-11-01T19:34:06.060Z,sell,5.674e-05,498.0,0.02825652
BRD/BTC,1541100913091,2018-11-01T19:35:13.091Z,sell,5.676e-05,433.0,0.02457708
BRD/BTC,1541100913107,2018-11-01T19:35:13.107Z,sell,5.676e-05,101.0,0.00573276
BRD/BTC,1541100964937,2018-11-01T19:36:04.937Z,sell,5.676e-05,29.0,0.0016460399999999999
BRD/BTC,1541101113363,2018-11-01T19:38:33.363Z,buy,5.696e-05,175.0,0.009968
BRD/BTC,1541101147421,2018-11-01T19:39:07.421Z,buy,5.682e-05,387.0,0.02198934
BRD/BTC,1541101147437,2018-11-01T19:39:07.437Z,sell,5.67e-05,228.0,0.012927600000000001
BRD/BTC,1541101204822,2018-11-01T19:40:04.822Z,buy,5.693e-05,272.0,0.015484959999999999
BRD/BTC,1541101204833,2018-11-01T19:40:04.833Z,buy,5.693e-05,286.0,0.016281979999999998
BRD/BTC,1541101249318,2018-11-01T19:40:49.318Z,buy,5.694e-05,1.0,5.694e-05
BRD/BTC,1541101368869,2018-11-01T19:42:48.869Z,sell,5.673e-05,117.0,0.00663741
BRD/BTC,1541101427273,2018-11-01T19:43:47.273Z,sell,5.671e-05,36.0,0.00204156
BRD/BTC,1541101563672,2018-11-01T19:46:03.672Z,sell,5.671e-05,200.0,0.011342
BRD/BTC,1541101738513,2018-11-01T19:48:58.513Z,sell,5.671e-05,251.0,0.014234209999999999
BRD/BTC,1541101924548,2018-11-01T19:52:04.548Z,sell,5.671e-05,465.0,0.02637015
BRD/BTC,1541101924572,2018-11-01T19:52:04.572Z,sell,5.671e-05,377.0,0.02137967
BRD/BTC,1541101997457,2018-11-01T19:53:17.457Z,sell,5.671e-05,302.0,0.01712642
BRD/BTC,1541102013348,2018-11-01T19:53:33.348Z,buy,5.685e-05,1.0,5.685e-05
BRD/BTC,1541102164652,2018-11-01T19:56:04.652Z,buy,5.678e-05,649.0,0.03685022
BRD/BTC,1541102164664,2018-11-01T19:56:04.664Z,sell,5.671e-05,451.0,0.02557621
BRD/BTC,1541102164664,2018-11-01T19:56:04.664Z,sell,5.671e-05,451.0,0.02557621
BRD/BTC,1541102459567,2018-11-01T20:00:59.567Z,buy,5.671e-05,84.0,0.0047636399999999995
BRD/BTC,1541102498143,2018-11-01T20:01:38.143Z,sell,5.671e-05,1711.0,0.09703081
BRD/BTC,1541102498338,2018-11-01T20:01:38.338Z,sell,5.67e-05,3550.0,0.20128500000000002
BRD/BTC,1541102499338,2018-11-01T20:01:39.338Z,sell,5.668e-05,227.0,0.01286636
BRD/BTC,1541102501346,2018-11-01T20:01:41.346Z,sell,5.663e-05,51.0,0.00288813
BRD/BTC,1541102503496,2018-11-01T20:01:43.496Z,sell,5.659e-05,129.0,0.007300109999999999
BRD/BTC,1541102504471,2018-11-01T20:01:44.471Z,buy,5.67e-05,120.0,0.006804
BRD/BTC,1541102504497,2018-11-01T20:01:44.497Z,sell,5.657e-05,88.0,0.004978160000000001
BRD/BTC,1541102506343,2018-11-01T20:01:46.343Z,sell,5.659e-05,156.0,0.00882804
BRD/BTC,1541102512351,2018-11-01T20:01:52.351Z,sell,5.657e-05,101.0,0.00571357
BRD/BTC,1541102515355,2018-11-01T20:01:55.355Z,sell,5.657e-05,36.0,0.00203652
BRD/BTC,1541102529353,2018-11-01T20:02:09.353Z,sell,5.657e-05,18.0,0.00101826
BRD/BTC,1541102543353,2018-11-01T20:02:23.353Z,sell,5.657e-05,31.0,0.0017536700000000001
BRD/BTC,1541102545004,2018-11-01T20:02:25.004Z,buy,5.665e-05,28.0,0.0015862
BRD/BTC,1541102574742,2018-11-01T20:02:54.742Z,sell,5.65e-05,483.0,0.027289499999999998
BRD/BTC,1541102574742,2018-11-01T20:02:54.742Z,sell,5.65e-05,452.0,0.025537999999999998
BRD/BTC,1541102574742,2018-11-01T20:02:54.742Z,sell,5.64e-05,53.0,0.0029892
BRD/BTC,1541102574742,2018-11-01T20:02:54.742Z,sell,5.629e-05,38.0,0.0021390199999999997
BRD/BTC,1541102574772,2018-11-01T20:02:54.772Z,buy,5.646e-05,211.0,0.01191306
BRD/BTC,1541102575141,2018-11-01T20:02:55.141Z,buy,5.646e-05,318.0,0.01795428
BRD/BTC,1541102575152,2018-11-01T20:02:55.152Z,buy,5.646e-05,134.0,0.007565639999999999
BRD/BTC,1541102575168,2018-11-01T20:02:55.168Z,buy,5.646e-05,74.0,0.00417804
BRD/BTC,1541102575171,2018-11-01T20:02:55.171Z,buy,5.646e-05,349.0,0.01970454
BRD/BTC,1541102575434,2018-11-01T20:02:55.434Z,buy,5.646e-05,108.0,0.006097679999999999
BRD/BTC,1541102575497,2018-11-01T20:02:55.497Z,buy,5.646e-05,138.0,0.00779148
BRD/BTC,1541102575529,2018-11-01T20:02:55.529Z,buy,5.646e-05,89.0,0.0050249399999999994
BRD/BTC,1541102577621,2018-11-01T20:02:57.621Z,buy,5.646e-05,1.0,5.646e-05
BRD/BTC,1541102584022,2018-11-01T20:03:04.022Z,buy,5.653e-05,28.0,0.00158284
BRD/BTC,1541102584037,2018-11-01T20:03:04.037Z,sell,5.647e-05,297.0,0.01677159
BRD/BTC,1541102584054,2018-11-01T20:03:04.054Z,sell,5.647e-05,18.0,0.00101646
BRD/BTC,1541102705667,2018-11-01T20:05:05.667Z,sell,5.647e-05,429.0,0.02422563
BRD/BTC,1541102705688,2018-11-01T20:05:05.688Z,sell,5.647e-05,119.0,0.00671993
BRD/BTC,1541102900717,2018-11-01T20:08:20.717Z,sell,5.647e-05,171.0,0.00965637
BRD/BTC,1541103066193,2018-11-01T20:11:06.193Z,sell,5.647e-05,149.0,0.00841403
BRD/BTC,1541103130352,2018-11-01T20:12:10.352Z,sell,5.646e-05,2556.0,0.14431175999999998
BRD/BTC,1541103130529,2018-11-01T20:12:10.529Z,sell,5.645e-05,2552.0,0.1440604
BRD/BTC,1541103130927,2018-11-01T20:12:10.927Z,buy,5.646e-05,63.0,0.00355698
BRD/BTC,1541103131085,2018-11-01T20:12:11.085Z,buy,5.646e-05,318.0,0.01795428
BRD/BTC,1541103173021,2018-11-01T20:12:53.021Z,buy,5.645e-05,108.0,0.006096600000000001
BRD/BTC,1541103197302,2018-11-01T20:13:17.302Z,sell,5.631e-05,328.0,0.01846968
BRD/BTC,1541103264405,2018-11-01T20:14:24.405Z,sell,5.629e-05,50.0,0.0028144999999999997
BRD/BTC,1541103264405,2018-11-01T20:14:24.405Z,sell,5.626e-05,511.0,0.02874886
BRD/BTC,1541103264421,2018-11-01T20:14:24.421Z,buy,5.626e-05,202.0,0.01136452
BRD/BTC,1541103264440,2018-11-01T20:14:24.440Z,buy,5.626e-05,156.0,0.00877656
BRD/BTC,1541103265673,2018-11-01T20:14:25.673Z,buy,5.626e-05,207.0,0.01164582
BRD/BTC,1541103265687,2018-11-01T20:14:25.687Z,buy,5.626e-05,207.0,0.01164582
BRD/BTC,1541103265690,2018-11-01T20:14:25.690Z,buy,5.626e-05,195.0,0.0109707
BRD/BTC,1541103268445,2018-11-01T20:14:28.445Z,buy,5.626e-05,2.0,0.00011252
BRD/BTC,1541103273931,2018-11-01T20:14:33.931Z,buy,5.626e-05,22.0,0.00123772
BRD/BTC,1541103330023,2018-11-01T20:15:30.023Z,buy,5.626e-05,2548.0,0.14335048
BRD/BTC,1541103334953,2018-11-01T20:15:34.953Z,buy,5.645e-05,71.0,0.004007950000000001
BRD/BTC,1541103402945,2018-11-01T20:16:42.945Z,sell,5.623e-05,361.0,0.02029903
BRD/BTC,1541103425661,2018-11-01T20:17:05.661Z,sell,5.624e-05,39.0,0.0021933599999999997
BRD/BTC,1541103466371,2018-11-01T20:17:46.371Z,sell,5.624e-05,346.0,0.01945904
BRD/BTC,1541103466390,2018-11-01T20:17:46.390Z,sell,5.624e-05,185.0,0.0104044
BRD/BTC,1541103665322,2018-11-01T20:21:05.322Z,buy,5.633e-05,103.0,0.00580199
BRD/BTC,1541103665332,2018-11-01T20:21:05.332Z,buy,5.643e-05,308.0,0.01738044
BRD/BTC,1541103665344,2018-11-01T20:21:05.344Z,buy,5.643e-05,56.0,0.00316008
BRD/BTC,1541103723225,2018-11-01T20:22:03.225Z,sell,5.624e-05,247.0,0.013891279999999999
BRD/BTC,1541103784312,2018-11-01T20:23:04.312Z,sell,5.624e-05,165.0,0.009279599999999999
BRD/BTC,1541103859806,2018-11-01T20:24:19.806Z,buy,5.634e-05,879.0,0.04952286
BRD/BTC,1541103859815,2018-11-01T20:24:19.815Z,sell,5.624e-05,53.0,0.0029807199999999996
BRD/BTC,1541103859837,2018-11-01T20:24:19.837Z,sell,5.624e-05,376.0,0.02114624
BRD/BTC,1541103871013,2018-11-01T20:24:31.013Z,buy,5.644e-05,1.0,5.644e-05
BRD/BTC,1541103935538,2018-11-01T20:25:35.538Z,buy,5.644e-05,43.0,0.00242692
BRD/BTC,1541104025307,2018-11-01T20:27:05.307Z,sell,5.621e-05,306.0,0.01720026
BRD/BTC,1541104025327,2018-11-01T20:27:05.327Z,sell,5.621e-05,184.0,0.01034264
BRD/BTC,1541104407959,2018-11-01T20:33:27.959Z,sell,5.629e-05,46.0,0.00258934
BRD/BTC,1541104407977,2018-11-01T20:33:27.977Z,sell,5.629e-05,384.0,0.02161536
BRD/BTC,1541104503742,2018-11-01T20:35:03.742Z,sell,5.631e-05,192.0,0.01081152
BRD/BTC,1541104578201,2018-11-01T20:36:18.201Z,sell,5.631e-05,385.0,0.02167935
BRD/BTC,1541104578226,2018-11-01T20:36:18.226Z,sell,5.631e-05,213.0,0.011994030000000001
BRD/BTC,1541104639024,2018-11-01T20:37:19.024Z,buy,5.645e-05,2.0,0.0001129
BRD/BTC,1541104709843,2018-11-01T20:38:29.843Z,buy,5.632e-05,348.0,0.01959936
BRD/BTC,1541104744739,2018-11-01T20:39:04.739Z,buy,5.638e-05,89.0,0.00501782
BRD/BTC,1541104744756,2018-11-01T20:39:04.756Z,sell,5.632e-05,31.0,0.0017459200000000002
BRD/BTC,1541104832264,2018-11-01T20:40:32.264Z,buy,5.645e-05,1.0,5.645e-05
BRD/BTC,1541104845499,2018-11-01T20:40:45.499Z,sell,5.633e-05,266.0,0.014983779999999999
BRD/BTC,1541104924215,2018-11-01T20:42:04.215Z,buy,5.639e-05,1173.0,0.06614547
BRD/BTC,1541104924228,2018-11-01T20:42:04.228Z,sell,5.633e-05,402.0,0.02264466
BRD/BTC,1541104949437,2018-11-01T20:42:29.437Z,buy,5.645e-05,2.0,0.0001129
BRD/BTC,1541104950923,2018-11-01T20:42:30.923Z,sell,5.633e-05,460.0,0.0259118
BRD/BTC,1541104950937,2018-11-01T20:42:30.937Z,sell,5.633e-05,127.0,0.0071539099999999994
BRD/BTC,1541105000222,2018-11-01T20:43:20.222Z,sell,5.633e-05,35.0,0.00197155
BRD/BTC,1541105000222,2018-11-01T20:43:20.222Z,sell,5.632e-05,50.0,0.002816
BRD/BTC,1541105164748,2018-11-01T20:46:04.748Z,sell,5.633e-05,134.0,0.00754822
BRD/BTC,1541105164768,2018-11-01T20:46:04.768Z,sell,5.633e-05,364.0,0.02050412
BRD/BTC,1541105229410,2018-11-01T20:47:09.410Z,buy,5.645e-05,21.0,0.00118545
BRD/BTC,1541105232884,2018-11-01T20:47:12.884Z,sell,5.646e-05,178.0,0.010049879999999999
BRD/BTC,1541105232903,2018-11-01T20:47:12.903Z,sell,5.646e-05,376.0,0.021228959999999998
BRD/BTC,1541105283835,2018-11-01T20:48:03.835Z,buy,5.65e-05,102.0,0.005763
BRD/BTC,1541105283844,2018-11-01T20:48:03.844Z,buy,5.655e-05,35.0,0.00197925
BRD/BTC,1541105290454,2018-11-01T20:48:10.454Z,buy,5.656e-05,199.0,0.01125544
BRD/BTC,1541105367054,2018-11-01T20:49:27.054Z,buy,5.657e-05,88.0,0.004978160000000001
BRD/BTC,1541105466051,2018-11-01T20:51:06.051Z,sell,5.658e-05,217.0,0.01227786
BRD/BTC,1541105524849,2018-11-01T20:52:04.849Z,buy,5.66e-05,370.0,0.020942
BRD/BTC,1541105524849,2018-11-01T20:52:04.849Z,buy,5.661e-05,361.0,0.02043621
BRD/BTC,1541105525393,2018-11-01T20:52:05.393Z,sell,5.661e-05,20.0,0.0011322
BRD/BTC,1541105525716,2018-11-01T20:52:05.716Z,sell,5.661e-05,49.0,0.00277389
BRD/BTC,1541105525802,2018-11-01T20:52:05.802Z,sell,5.661e-05,1983.0,0.11225763
BRD/BTC,1541105539963,2018-11-01T20:52:19.963Z,sell,5.658e-05,1074.0,0.060766919999999995
BRD/BTC,1541105551471,2018-11-01T20:52:31.471Z,sell,5.646e-05,307.0,0.01733322
BRD/BTC,1541105551483,2018-11-01T20:52:31.483Z,sell,5.646e-05,465.0,0.0262539
BRD/BTC,1541105594095,2018-11-01T20:53:14.095Z,buy,5.662e-05,3.0,0.00016985999999999998
BRD/BTC,1541105645062,2018-11-01T20:54:05.062Z,sell,5.646e-05,457.0,0.02580222
BRD/BTC,1541105760508,2018-11-01T20:56:00.508Z,sell,5.646e-05,409.0,0.02309214
BRD/BTC,1541105760525,2018-11-01T20:56:00.525Z,sell,5.646e-05,103.0,0.00581538
BRD/BTC,1541105760525,2018-11-01T20:56:00.525Z,sell,5.646e-05,103.0,0.00581538
BRD/BTC,1541105884640,2018-11-01T20:58:04.640Z,sell,5.647e-05,360.0,0.0203292
BRD/BTC,1541105884659,2018-11-01T20:58:04.659Z,sell,5.647e-05,428.0,0.02416916
BRD/BTC,1541105913542,2018-11-01T20:58:33.542Z,buy,5.648e-05,20.0,0.0011296000000000001
BRD/BTC,1541105946457,2018-11-01T20:59:06.457Z,buy,5.647e-05,156.0,0.00880932
BRD/BTC,1541106051198,2018-11-01T21:00:51.198Z,sell,5.645e-05,29.0,0.0016370500000000001
BRD/BTC,1541106051198,2018-11-01T21:00:51.198Z,sell,5.632e-05,178.0,0.010024960000000001
BRD/BTC,1541106150495,2018-11-01T21:02:30.495Z,sell,5.632e-05,272.0,0.01531904
BRD/BTC,1541106150495,2018-11-01T21:02:30.495Z,sell,5.629e-05,88.0,0.0049535199999999995
BRD/BTC,1541106150495,2018-11-01T21:02:30.495Z,sell,5.627e-05,100.0,0.005627
BRD/BTC,1541106150495,2018-11-01T21:02:30.495Z,sell,5.618e-05,245.0,0.0137641
BRD/BTC,1541106150495,2018-11-01T21:02:30.495Z,sell,5.617e-05,69.0,0.00387573
BRD/BTC,1541106150495,2018-11-01T21:02:30.495Z,sell,5.616e-05,114.0,0.00640224
BRD/BTC,1541106150495,2018-11-01T21:02:30.495Z,sell,5.615e-05,518.0,0.029085700000000003
BRD/BTC,1541106150495,2018-11-01T21:02:30.495Z,sell,5.613e-05,1174.0,0.06589662
BRD/BTC,1541106150495,2018-11-01T21:02:30.495Z,sell,5.61e-05,44.0,0.0024684
BRD/BTC,1541106150495,2018-11-01T21:02:30.495Z,sell,5.607e-05,35.0,0.0019624499999999997
BRD/BTC,1541106150495,2018-11-01T21:02:30.495Z,sell,5.605e-05,32.0,0.0017936
BRD/BTC,1541106150495,2018-11-01T21:02:30.495Z,sell,5.603e-05,838.0,0.04695314
BRD/BTC,1541106189923,2018-11-01T21:03:09.923Z,buy,5.632e-05,1.0,5.632e-05
BRD/BTC,1541106202955,2018-11-01T21:03:22.955Z,buy,5.633e-05,88.0,0.004957039999999999
BRD/BTC,1541106243917,2018-11-01T21:04:03.917Z,buy,5.633e-05,114.0,0.006421619999999999
BRD/BTC,1541106289131,2018-11-01T21:04:49.131Z,buy,5.634e-05,142.0,0.00800028
BRD/BTC,1541106290136,2018-11-01T21:04:50.136Z,sell,5.634e-05,331.0,0.018648539999999998
BRD/BTC,1541106334008,2018-11-01T21:05:34.008Z,buy,5.637e-05,35.0,0.00197295
BRD/BTC,1541106399043,2018-11-01T21:06:39.043Z,buy,5.647e-05,48.0,0.00271056
BRD/BTC,1541106424080,2018-11-01T21:07:04.080Z,buy,5.647e-05,361.0,0.02038567
BRD/BTC,1541106446433,2018-11-01T21:07:26.433Z,buy,5.648e-05,39.0,0.00220272
BRD/BTC,1541106446433,2018-11-01T21:07:26.433Z,buy,5.652e-05,44.0,0.00248688
BRD/BTC,1541106446433,2018-11-01T21:07:26.433Z,buy,5.663e-05,48.0,0.00271824
BRD/BTC,1541106508274,2018-11-01T21:08:28.274Z,buy,5.663e-05,116.0,0.00656908
BRD/BTC,1541106508274,2018-11-01T21:08:28.274Z,buy,5.664e-05,32.0,0.00181248
BRD/BTC,1541106531432,2018-11-01T21:08:51.432Z,sell,5.64e-05,296.0,0.0166944
BRD/BTC,1541106665972,2018-11-01T21:11:05.972Z,sell,5.64e-05,186.0,0.0104904
BRD/BTC,1541106688182,2018-11-01T21:11:28.182Z,sell,5.64e-05,248.0,0.0139872
BRD/BTC,1541106688203,2018-11-01T21:11:28.203Z,sell,5.64e-05,329.0,0.018555600000000002
BRD/BTC,1541106723970,2018-11-01T21:12:03.970Z,sell,5.64e-05,380.0,0.021432
BRD/BTC,1541106723990,2018-11-01T21:12:03.990Z,sell,5.64e-05,85.0,0.0047940000000000005
BRD/BTC,1541106963755,2018-11-01T21:16:03.755Z,sell,5.64e-05,369.0,0.0208116
BRD/BTC,1541106971454,2018-11-01T21:16:11.454Z,sell,5.64e-05,46.0,0.0025944
BRD/BTC,1541106971479,2018-11-01T21:16:11.479Z,sell,5.64e-05,402.0,0.0226728
BRD/BTC,1541107145079,2018-11-01T21:19:05.079Z,sell,5.64e-05,37.0,0.0020868
BRD/BTC,1541107224782,2018-11-01T21:20:24.782Z,sell,5.64e-05,222.0,0.0125208
BRD/BTC,1541107224799,2018-11-01T21:20:24.799Z,sell,5.64e-05,128.0,0.0072192
BRD/BTC,1541107246076,2018-11-01T21:20:46.076Z,buy,5.64e-05,43.0,0.0024252
BRD/BTC,1541107266034,2018-11-01T21:21:06.034Z,buy,5.649e-05,167.0,0.00943383
BRD/BTC,1541107266051,2018-11-01T21:21:06.051Z,sell,5.641e-05,115.0,0.00648715
BRD/BTC,1541107266067,2018-11-01T21:21:06.067Z,sell,5.641e-05,76.0,0.00428716
BRD/BTC,1541107395678,2018-11-01T21:23:15.678Z,buy,5.656e-05,434.0,0.02454704
BRD/BTC,1541107413033,2018-11-01T21:23:33.033Z,sell,5.64e-05,19.0,0.0010716
BRD/BTC,1541107505629,2018-11-01T21:25:05.629Z,buy,5.659e-05,413.0,0.02337167
BRD/BTC,1541107543616,2018-11-01T21:25:43.616Z,sell,5.659e-05,39.0,0.00220701
BRD/BTC,1541107543619,2018-11-01T21:25:43.619Z,sell,5.659e-05,49.0,0.00277291
BRD/BTC,1541107597401,2018-11-01T21:26:37.401Z,sell,5.659e-05,7.0,0.00039612999999999996
BRD/BTC,1541107625659,2018-11-01T21:27:05.659Z,sell,5.641e-05,407.0,0.02295887
BRD/BTC,1541107625672,2018-11-01T21:27:05.672Z,sell,5.641e-05,277.0,0.01562557
BRD/BTC,1541107786665,2018-11-01T21:29:46.665Z,sell,5.641e-05,90.0,0.0050769
BRD/BTC,1541107864877,2018-11-01T21:31:04.877Z,sell,5.642e-05,447.0,0.02521974
BRD/BTC,1541107864893,2018-11-01T21:31:04.893Z,sell,5.642e-05,415.0,0.0234143
BRD/BTC,1541107896560,2018-11-01T21:31:36.560Z,sell,5.642e-05,171.0,0.00964782
BRD/BTC,1541107896575,2018-11-01T21:31:36.575Z,sell,5.642e-05,399.0,0.02251158
BRD/BTC,1541108007225,2018-11-01T21:33:27.225Z,sell,5.643e-05,650.0,0.0366795
BRD/BTC,1541108044348,2018-11-01T21:34:04.348Z,buy,5.651e-05,418.0,0.02362118
BRD/BTC,1541108044356,2018-11-01T21:34:04.356Z,buy,5.659e-05,150.0,0.0084885
BRD/BTC,1541108044369,2018-11-01T21:34:04.369Z,buy,5.659e-05,246.0,0.01392114
BRD/BTC,1541108128901,2018-11-01T21:35:28.901Z,sell,5.644e-05,144.0,0.00812736
BRD/BTC,1541108128920,2018-11-01T21:35:28.920Z,sell,5.644e-05,110.0,0.0062084
BRD/BTC,1541108284359,2018-11-01T21:38:04.359Z,buy,5.651e-05,825.0,0.04662075
BRD/BTC,1541108284372,2018-11-01T21:38:04.372Z,buy,5.659e-05,464.0,0.026257759999999998
BRD/BTC,1541108429322,2018-11-01T21:40:29.322Z,sell,5.645e-05,18.0,0.0010161
BRD/BTC,1541108429952,2018-11-01T21:40:29.952Z,buy,5.66e-05,20.0,0.001132
BRD/BTC,1541108439529,2018-11-01T21:40:39.529Z,buy,5.66e-05,547.0,0.0309602
BRD/BTC,1541108586217,2018-11-01T21:43:06.217Z,sell,5.645e-05,182.0,0.0102739
BRD/BTC,1541108586242,2018-11-01T21:43:06.242Z,sell,5.645e-05,452.0,0.0255154
BRD/BTC,1541108618320,2018-11-01T21:43:38.320Z,sell,5.645e-05,375.0,0.02116875
BRD/BTC,1541108764329,2018-11-01T21:46:04.329Z,sell,5.645e-05,307.0,0.017330150000000002
BRD/BTC,1541108764342,2018-11-01T21:46:04.342Z,sell,5.645e-05,296.0,0.0167092
BRD/BTC,1541108886328,2018-11-01T21:48:06.328Z,sell,5.644e-05,20.0,0.0011288000000000001
BRD/BTC,1541108886619,2018-11-01T21:48:06.619Z,buy,5.644e-05,30.0,0.0016932
BRD/BTC,1541108949813,2018-11-01T21:49:09.813Z,buy,5.654e-05,200.0,0.011307999999999999
BRD/BTC,1541108949829,2018-11-01T21:49:09.829Z,sell,5.644e-05,193.0,0.01089292
BRD/BTC,1541109125315,2018-11-01T21:52:05.315Z,sell,5.645e-05,341.0,0.01924945
BRD/BTC,1541109135959,2018-11-01T21:52:15.959Z,buy,5.644e-05,31.0,0.00174964
BRD/BTC,1541109142964,2018-11-01T21:52:22.964Z,buy,5.644e-05,23.0,0.00129812
BRD/BTC,1541109247266,2018-11-01T21:54:07.266Z,buy,5.644e-05,500.0,0.028220000000000002
BRD/BTC,1541109247628,2018-11-01T21:54:07.628Z,buy,5.644e-05,264.0,0.01490016
BRD/BTC,1541109247628,2018-11-01T21:54:07.628Z,buy,5.644e-05,264.0,0.01490016
BRD/BTC,1541109436250,2018-11-01T21:57:16.250Z,sell,5.643e-05,109.0,0.00615087
BRD/BTC,1541109451451,2018-11-01T21:57:31.451Z,sell,5.643e-05,185.0,0.01043955
BRD/BTC,1541109451451,2018-11-01T21:57:31.451Z,sell,5.641e-05,461.0,0.02600501
BRD/BTC,1541109451451,2018-11-01T21:57:31.451Z,sell,5.64e-05,1393.0,0.0785652
BRD/BTC,1541109451451,2018-11-01T21:57:31.451Z,sell,5.639e-05,2557.0,0.14418923
BRD/BTC,1541109451717,2018-11-01T21:57:31.717Z,sell,5.638e-05,474.0,0.02672412
BRD/BTC,1541109453035,2018-11-01T21:57:33.035Z,buy,5.639e-05,26.0,0.00146614
BRD/BTC,1541109471022,2018-11-01T21:57:51.022Z,buy,5.639e-05,2519.0,0.14204641
BRD/BTC,1541109586306,2018-11-01T21:59:46.306Z,sell,5.64e-05,245.0,0.013818
BRD/BTC,1541109586325,2018-11-01T21:59:46.325Z,sell,5.64e-05,113.0,0.0063732
BRD/BTC,1541109591416,2018-11-01T21:59:51.416Z,sell,5.639e-05,97.0,0.00546983
BRD/BTC,1541109664337,2018-11-01T22:01:04.337Z,sell,5.64e-05,163.0,0.0091932
BRD/BTC,1541109714852,2018-11-01T22:01:54.852Z,buy,5.66e-05,337.0,0.0190742
BRD/BTC,1541109757046,2018-11-01T22:02:37.046Z,buy,5.661e-05,18.0,0.00101898
BRD/BTC,1541109785712,2018-11-01T22:03:05.712Z,buy,5.659e-05,443.0,0.02506937
BRD/BTC,1541109884425,2018-11-01T22:04:44.425Z,buy,5.647e-05,607.0,0.03427729
BRD/BTC,1541109884436,2018-11-01T22:04:44.436Z,buy,5.656e-05,234.0,0.01323504
BRD/BTC,1541109884450,2018-11-01T22:04:44.450Z,buy,5.656e-05,323.0,0.01826888
BRD/BTC,1541110005028,2018-11-01T22:06:45.028Z,sell,5.639e-05,1655.0,0.09332545
BRD/BTC,1541110005028,2018-11-01T22:06:45.028Z,sell,5.623e-05,358.0,0.02013034
BRD/BTC,1541110005028,2018-11-01T22:06:45.028Z,sell,5.622e-05,330.0,0.0185526
BRD/BTC,1541110024683,2018-11-01T22:07:04.683Z,sell,5.625e-05,170.0,0.0095625
BRD/BTC,1541110024702,2018-11-01T22:07:04.702Z,sell,5.625e-05,62.0,0.0034874999999999997
BRD/BTC,1541110083154,2018-11-01T22:08:03.154Z,sell,5.624e-05,318.0,0.01788432
BRD/BTC,1541110083172,2018-11-01T22:08:03.172Z,sell,5.624e-05,156.0,0.008773439999999999
BRD/BTC,1541110145198,2018-11-01T22:09:05.198Z,sell,5.625e-05,160.0,0.009
BRD/BTC,1541110201067,2018-11-01T22:10:01.067Z,sell,5.624e-05,245.0,0.013778799999999999
BRD/BTC,1541110203757,2018-11-01T22:10:03.757Z,buy,5.624e-05,101.0,0.00568024
BRD/BTC,1541110217461,2018-11-01T22:10:17.461Z,buy,5.624e-05,127.0,0.00714248
BRD/BTC,1541110225198,2018-11-01T22:10:25.198Z,sell,5.623e-05,35.0,0.0019680500000000003
BRD/BTC,1541110225198,2018-11-01T22:10:25.198Z,sell,5.622e-05,178.0,0.01000716
BRD/BTC,1541110259266,2018-11-01T22:10:59.266Z,buy,5.622e-05,116.0,0.00652152
BRD/BTC,1541110323666,2018-11-01T22:12:03.666Z,sell,5.623e-05,18.0,0.0010121400000000001
BRD/BTC,1541110323687,2018-11-01T22:12:03.687Z,sell,5.623e-05,394.0,0.02215462
BRD/BTC,1541110505851,2018-11-01T22:15:05.851Z,buy,5.64e-05,181.0,0.010208400000000001
BRD/BTC,1541110634836,2018-11-01T22:17:14.836Z,sell,5.627e-05,44.0,0.00247588
BRD/BTC,1541110634836,2018-11-01T22:17:14.836Z,sell,5.622e-05,119.0,0.00669018
BRD/BTC,1541110634836,2018-11-01T22:17:14.836Z,sell,5.61e-05,48.0,0.0026928
BRD/BTC,1541110634836,2018-11-01T22:17:14.836Z,sell,5.609e-05,227.0,0.01273243
BRD/BTC,1541110634836,2018-11-01T22:17:14.836Z,sell,5.604e-05,20.0,0.0011208
BRD/BTC,1541110634836,2018-11-01T22:17:14.836Z,sell,5.603e-05,683.0,0.038268489999999995
BRD/BTC,1541110673745,2018-11-01T22:17:53.745Z,buy,5.635e-05,2.0,0.0001127
BRD/BTC,1541110698834,2018-11-01T22:18:18.834Z,sell,5.609e-05,447.0,0.02507223
BRD/BTC,1541110698860,2018-11-01T22:18:18.860Z,sell,5.609e-05,493.0,0.02765237
BRD/BTC,1541110803722,2018-11-01T22:20:03.722Z,sell,5.61e-05,170.0,0.009537
BRD/BTC,1541110822143,2018-11-01T22:20:22.143Z,buy,5.622e-05,1208.0,0.06791376
BRD/BTC,1541110822162,2018-11-01T22:20:22.162Z,sell,5.61e-05,86.0,0.0048246
BRD/BTC,1541110822181,2018-11-01T22:20:22.181Z,sell,5.61e-05,441.0,0.0247401
BRD/BTC,1541111044340,2018-11-01T22:24:04.340Z,buy,5.633e-05,374.0,0.02106742
BRD/BTC,1541111110567,2018-11-01T22:25:10.567Z,sell,5.611e-05,447.0,0.02508117
BRD/BTC,1541111110578,2018-11-01T22:25:10.578Z,sell,5.611e-05,335.0,0.01879685
BRD/BTC,1541111163854,2018-11-01T22:26:03.854Z,buy,5.631e-05,296.0,0.01666776
BRD/BTC,1541111163869,2018-11-01T22:26:03.869Z,buy,5.631e-05,251.0,0.01413381
BRD/BTC,1541111323100,2018-11-01T22:28:43.100Z,buy,5.63e-05,182.0,0.0102466
BRD/BTC,1541111323115,2018-11-01T22:28:43.115Z,buy,5.63e-05,193.0,0.0108659
BRD/BTC,1541111333419,2018-11-01T22:28:53.419Z,buy,5.632e-05,2.0,0.00011264
BRD/BTC,1541111397665,2018-11-01T22:29:57.665Z,sell,5.61e-05,36.0,0.0020196
BRD/BTC,1541111397665,2018-11-01T22:29:57.665Z,sell,5.604e-05,471.0,0.02639484
BRD/BTC,1541111482543,2018-11-01T22:31:22.543Z,buy,5.62e-05,31.0,0.0017422
BRD/BTC,1541111482555,2018-11-01T22:31:22.555Z,sell,5.609e-05,29.0,0.00162661
BRD/BTC,1541111705445,2018-11-01T22:35:05.445Z,sell,5.617e-05,96.0,0.00539232
BRD/BTC,1541111725278,2018-11-01T22:35:25.278Z,buy,5.63e-05,270.0,0.015201
BRD/BTC,1541111824183,2018-11-01T22:37:04.183Z,buy,5.624e-05,970.0,0.0545528
BRD/BTC,1541111824203,2018-11-01T22:37:04.203Z,sell,5.617e-05,210.0,0.0117957
BRD/BTC,1541111824232,2018-11-01T22:37:04.232Z,sell,5.617e-05,401.0,0.02252417
BRD/BTC,1541111874364,2018-11-01T22:37:54.364Z,sell,5.617e-05,178.0,0.00999826
BRD/BTC,1541111914209,2018-11-01T22:38:34.209Z,buy,5.617e-05,137.0,0.00769529
BRD/BTC,1541111990765,2018-11-01T22:39:50.765Z,sell,5.618e-05,346.0,0.01943828
BRD/BTC,1541111990786,2018-11-01T22:39:50.786Z,sell,5.618e-05,484.0,0.02719112
BRD/BTC,1541112030989,2018-11-01T22:40:30.989Z,buy,5.631e-05,1.0,5.631e-05
BRD/BTC,1541112124139,2018-11-01T22:42:04.139Z,sell,5.618e-05,458.0,0.02573044
BRD/BTC,1541112124162,2018-11-01T22:42:04.162Z,sell,5.618e-05,479.0,0.026910220000000002
BRD/BTC,1541112156503,2018-11-01T22:42:36.503Z,sell,5.618e-05,18.0,0.00101124
BRD/BTC,1541112156514,2018-11-01T22:42:36.514Z,sell,5.618e-05,239.0,0.01342702
BRD/BTC,1541112241074,2018-11-01T22:44:01.074Z,buy,5.63e-05,2.0,0.0001126
BRD/BTC,1541112245397,2018-11-01T22:44:05.397Z,buy,5.63e-05,58.0,0.0032654
BRD/BTC,1541112245414,2018-11-01T22:44:05.414Z,buy,5.63e-05,435.0,0.0244905
BRD/BTC,1541112388183,2018-11-01T22:46:28.183Z,sell,5.63e-05,180.0,0.010134
BRD/BTC,1541112390276,2018-11-01T22:46:30.276Z,buy,5.631e-05,1.0,5.631e-05
BRD/BTC,1541112426020,2018-11-01T22:47:06.020Z,sell,5.621e-05,268.0,0.01506428
BRD/BTC,1541112524915,2018-11-01T22:48:44.915Z,buy,5.631e-05,1197.0,0.06740307
BRD/BTC,1541112524915,2018-11-01T22:48:44.915Z,buy,5.633e-05,252.0,0.01419516
BRD/BTC,1541112524915,2018-11-01T22:48:44.915Z,buy,5.64e-05,48.0,0.0027072
BRD/BTC,1541112605719,2018-11-01T22:50:05.719Z,sell,5.622e-05,319.0,0.01793418
BRD/BTC,1541112605738,2018-11-01T22:50:05.738Z,sell,5.622e-05,290.0,0.0163038
BRD/BTC,1541112772924,2018-11-01T22:52:52.924Z,buy,5.641e-05,64.0,0.00361024
BRD/BTC,1541112785806,2018-11-01T22:53:05.806Z,buy,5.654e-05,339.0,0.01916706
BRD/BTC,1541112785825,2018-11-01T22:53:05.825Z,buy,5.654e-05,180.0,0.010177199999999999
BRD/BTC,1541112844459,2018-11-01T22:54:04.459Z,sell,5.642e-05,264.0,0.01489488
BRD/BTC,1541112844459,2018-11-01T22:54:04.459Z,sell,5.642e-05,264.0,0.01489488
BRD/BTC,1541112909122,2018-11-01T22:55:09.122Z,sell,5.642e-05,122.0,0.00688324
BRD/BTC,1541113068710,2018-11-01T22:57:48.710Z,buy,5.644e-05,204.0,0.01151376
BRD/BTC,1541113068712,2018-11-01T22:57:48.712Z,buy,5.644e-05,194.0,0.01094936
BRD/BTC,1541113113499,2018-11-01T22:58:33.499Z,sell,5.641e-05,241.0,0.013594809999999999
BRD/BTC,1541113116355,2018-11-01T22:58:36.355Z,sell,5.639e-05,71.0,0.00400369
BRD/BTC,1541113145051,2018-11-01T22:59:05.051Z,sell,5.622e-05,361.0,0.02029542
BRD/BTC,1541113145067,2018-11-01T22:59:05.067Z,sell,5.622e-05,228.0,0.01281816
BRD/BTC,1541113163085,2018-11-01T22:59:23.085Z,buy,5.631e-05,1033.0,0.05816823
BRD/BTC,1541113163090,2018-11-01T22:59:23.090Z,buy,5.642e-05,420.0,0.0236964
BRD/BTC,1541113204566,2018-11-01T23:00:04.566Z,sell,5.622e-05,18.0,0.0010119600000000001
BRD/BTC,1541113204580,2018-11-01T23:00:04.580Z,sell,5.622e-05,65.0,0.0036543
BRD/BTC,1541113386022,2018-11-01T23:03:06.022Z,sell,5.622e-05,75.0,0.0042165
BRD/BTC,1541113488364,2018-11-01T23:04:48.364Z,sell,5.622e-05,117.0,0.00657774
BRD/BTC,1541113488382,2018-11-01T23:04:48.382Z,sell,5.622e-05,308.0,0.01731576
BRD/BTC,1541113565013,2018-11-01T23:06:05.013Z,buy,5.631e-05,1035.0,0.05828085
BRD/BTC,1541113565025,2018-11-01T23:06:05.025Z,sell,5.622e-05,454.0,0.02552388
BRD/BTC,1541113622221,2018-11-01T23:07:02.221Z,buy,5.631e-05,513.0,0.02888703
BRD/BTC,1541113622227,2018-11-01T23:07:02.227Z,sell,5.622e-05,324.0,0.01821528
BRD/BTC,1541113622243,2018-11-01T23:07:02.243Z,sell,5.622e-05,190.0,0.0106818
BRD/BTC,1541113865127,2018-11-01T23:11:05.127Z,buy,5.645e-05,193.0,0.010894850000000001
BRD/BTC,1541113918287,2018-11-01T23:11:58.287Z,buy,5.646e-05,163.0,0.00920298
BRD/BTC,1541113918287,2018-11-01T23:11:58.287Z,buy,5.647e-05,92.0,0.00519524
BRD/BTC,1541113918287,2018-11-01T23:11:58.287Z,buy,5.65e-05,45.0,0.0025425
BRD/BTC,1541113928024,2018-11-01T23:12:08.024Z,buy,5.65e-05,358.0,0.020227
BRD/BTC,1541113932599,2018-11-01T23:12:12.599Z,buy,5.65e-05,177.0,0.010000499999999999
BRD/BTC,1541114164494,2018-11-01T23:16:04.494Z,sell,5.636e-05,279.0,0.01572444
BRD/BTC,1541114361105,2018-11-01T23:19:21.105Z,sell,5.637e-05,252.0,0.01420524
BRD/BTC,1541114524176,2018-11-01T23:22:04.176Z,sell,5.637e-05,483.0,0.027226709999999998
BRD/BTC,1541114524197,2018-11-01T23:22:04.197Z,sell,5.637e-05,420.0,0.0236754
BRD/BTC,1541114547250,2018-11-01T23:22:27.250Z,buy,5.649e-05,85.0,0.00480165
BRD/BTC,1541114547274,2018-11-01T23:22:27.274Z,buy,5.649e-05,47.0,0.00265503
BRD/BTC,1541114609208,2018-11-01T23:23:29.208Z,buy,5.65e-05,26.0,0.001469
BRD/BTC,1541114644937,2018-11-01T23:24:04.937Z,sell,5.637e-05,144.0,0.00811728
BRD/BTC,1541114664461,2018-11-01T23:24:24.461Z,buy,5.65e-05,177.0,0.010000499999999999
BRD/BTC,1541114675650,2018-11-01T23:24:35.650Z,sell,5.637e-05,92.0,0.005186039999999999
BRD/BTC,1541114675672,2018-11-01T23:24:35.672Z,sell,5.637e-05,200.0,0.011274
BRD/BTC,1541114824255,2018-11-01T23:27:04.255Z,buy,5.646e-05,285.0,0.0160911
BRD/BTC,1541114824264,2018-11-01T23:27:04.264Z,sell,5.643e-05,299.0,0.01687257
BRD/BTC,1541114824294,2018-11-01T23:27:04.294Z,sell,5.643e-05,213.0,0.01201959
BRD/BTC,1541115026637,2018-11-01T23:30:26.637Z,buy,5.646e-05,136.0,0.00767856
BRD/BTC,1541115026645,2018-11-01T23:30:26.645Z,buy,5.649e-05,51.0,0.00288099
BRD/BTC,1541115065377,2018-11-01T23:31:05.377Z,sell,5.644e-05,357.0,0.02014908
BRD/BTC,1541115070607,2018-11-01T23:31:10.607Z,buy,5.65e-05,315.0,0.0177975
BRD/BTC,1541115093295,2018-11-01T23:31:33.295Z,buy,5.655e-05,133.0,0.00752115
BRD/BTC,1541115109117,2018-11-01T23:31:49.117Z,buy,5.656e-05,120.0,0.0067872
BRD/BTC,1541115144645,2018-11-01T23:32:24.645Z,buy,5.663e-05,89.0,0.00504007
BRD/BTC,1541115147874,2018-11-01T23:32:27.874Z,buy,5.663e-05,140.0,0.0079282
BRD/BTC,1541115158778,2018-11-01T23:32:38.778Z,buy,5.663e-05,1085.0,0.06144355
BRD/BTC,1541115166264,2018-11-01T23:32:46.264Z,sell,5.643e-05,134.0,0.00756162
BRD/BTC,1541115249732,2018-11-01T23:34:09.732Z,sell,5.644e-05,112.0,0.00632128
BRD/BTC,1541115249746,2018-11-01T23:34:09.746Z,sell,5.644e-05,270.0,0.0152388
BRD/BTC,1541115305503,2018-11-01T23:35:05.503Z,buy,5.652e-05,254.0,0.01435608
BRD/BTC,1541115305513,2018-11-01T23:35:05.513Z,sell,5.644e-05,215.0,0.0121346
BRD/BTC,1541115305527,2018-11-01T23:35:05.527Z,sell,5.644e-05,165.0,0.0093126
BRD/BTC,1541115457584,2018-11-01T23:37:37.584Z,buy,5.654e-05,535.0,0.0302489
BRD/BTC,1541115457600,2018-11-01T23:37:37.600Z,sell,5.644e-05,425.0,0.023987
BRD/BTC,1541115665906,2018-11-01T23:41:05.906Z,sell,5.644e-05,189.0,0.01066716
BRD/BTC,1541115665920,2018-11-01T23:41:05.920Z,sell,5.644e-05,290.0,0.0163676
BRD/BTC,1541115719215,2018-11-01T23:41:59.215Z,sell,5.644e-05,1.0,5.644e-05
BRD/BTC,1541115789906,2018-11-01T23:43:09.906Z,buy,5.664e-05,31.0,0.00175584
BRD/BTC,1541115789906,2018-11-01T23:43:09.906Z,buy,5.672e-05,267.0,0.01514424
BRD/BTC,1541115801548,2018-11-01T23:43:21.548Z,sell,5.643e-05,2.0,0.00011286
BRD/BTC,1541115801548,2018-11-01T23:43:21.548Z,sell,5.643e-05,149.0,0.00840807
BRD/BTC,1541115827064,2018-11-01T23:43:47.064Z,sell,5.645e-05,106.0,0.005983700000000001
BRD/BTC,1541115901333,2018-11-01T23:45:01.333Z,sell,5.644e-05,23.0,0.00129812
BRD/BTC,1541115965034,2018-11-01T23:46:05.034Z,sell,5.645e-05,393.0,0.022184850000000002
BRD/BTC,1541115965046,2018-11-01T23:46:05.046Z,sell,5.645e-05,177.0,0.009991650000000001
BRD/BTC,1541116145819,2018-11-01T23:49:05.819Z,sell,5.648e-05,18.0,0.00101664
BRD/BTC,1541116145840,2018-11-01T23:49:05.840Z,sell,5.648e-05,226.0,0.01276448
BRD/BTC,1541116224293,2018-11-01T23:50:24.293Z,buy,5.666e-05,1235.0,0.0699751
BRD/BTC,1541116264686,2018-11-01T23:51:04.686Z,buy,5.658e-05,161.0,0.00910938
BRD/BTC,1541116264702,2018-11-01T23:51:04.702Z,sell,5.65e-05,106.0,0.0059889999999999995
BRD/BTC,1541116284334,2018-11-01T23:51:24.334Z,buy,5.658e-05,828.0,0.04684824
BRD/BTC,1541116284354,2018-11-01T23:51:24.354Z,sell,5.651e-05,195.0,0.01101945
BRD/BTC,1541116284366,2018-11-01T23:51:24.366Z,sell,5.651e-05,345.0,0.01949595
BRD/BTC,1541116383996,2018-11-01T23:53:03.996Z,sell,5.652e-05,392.0,0.02215584
BRD/BTC,1541116384007,2018-11-01T23:53:04.007Z,sell,5.652e-05,487.0,0.02752524
BRD/BTC,1541116384007,2018-11-01T23:53:04.007Z,sell,5.652e-05,487.0,0.02752524
BRD/BTC,1541116465110,2018-11-01T23:54:25.110Z,sell,5.645e-05,53.0,0.0029918500000000003
BRD/BTC,1541116684175,2018-11-01T23:58:04.175Z,sell,5.644e-05,18.0,0.00101592
BRD/BTC,1541116780897,2018-11-01T23:59:40.897Z,buy,5.649e-05,499.0,0.02818851
BRD/BTC,1541116986214,2018-11-02T00:03:06.214Z,sell,5.644e-05,213.0,0.01202172
BRD/BTC,1541116986223,2018-11-02T00:03:06.223Z,sell,5.644e-05,435.0,0.0245514
BRD/BTC,1541116991530,2018-11-02T00:03:11.530Z,buy,5.669e-05,23.0,0.00130387
BRD/BTC,1541116991530,2018-11-02T00:03:11.530Z,buy,5.672e-05,12.0,0.0006806399999999999
BRD/BTC,1541117050605,2018-11-02T00:04:10.605Z,buy,5.671e-05,34.0,0.0019281399999999998
BRD/BTC,1541117131830,2018-11-02T00:05:31.830Z,sell,5.645e-05,44.0,0.0024838
BRD/BTC,1541117160305,2018-11-02T00:06:00.305Z,buy,5.672e-05,138.0,0.00782736
BRD/BTC,1541117164128,2018-11-02T00:06:04.128Z,sell,5.647e-05,247.0,0.01394809
BRD/BTC,1541117314422,2018-11-02T00:08:34.422Z,sell,5.652e-05,450.0,0.025434000000000002
BRD/BTC,1541117314440,2018-11-02T00:08:34.440Z,sell,5.652e-05,408.0,0.02306016
BRD/BTC,1541117415486,2018-11-02T00:10:15.486Z,buy,5.676e-05,652.0,0.03700752
BRD/BTC,1541117415934,2018-11-02T00:10:15.934Z,sell,5.676e-05,1109.0,0.06294684
BRD/BTC,1541117513960,2018-11-02T00:11:53.960Z,sell,5.675e-05,19.0,0.00107825
BRD/BTC,1541117523958,2018-11-02T00:12:03.958Z,sell,5.674e-05,19.0,0.00107806
BRD/BTC,1541117532959,2018-11-02T00:12:12.959Z,sell,5.673e-05,19.0,0.00107787
BRD/BTC,1541117539963,2018-11-02T00:12:19.963Z,sell,5.672e-05,19.0,0.00107768
BRD/BTC,1541117545970,2018-11-02T00:12:25.970Z,sell,5.671e-05,19.0,0.00107749
BRD/BTC,1541117645377,2018-11-02T00:14:05.377Z,buy,5.677e-05,20.0,0.0011354
BRD/BTC,1541117650310,2018-11-02T00:14:10.310Z,sell,5.676e-05,172.0,0.009762719999999999
BRD/BTC,1541117650316,2018-11-02T00:14:10.316Z,buy,5.676e-05,63.0,0.00357588
BRD/BTC,1541117650337,2018-11-02T00:14:10.337Z,sell,5.676e-05,64.0,0.00363264
BRD/BTC,1541117650351,2018-11-02T00:14:10.351Z,sell,5.676e-05,108.0,0.0061300799999999996
BRD/BTC,1541117654734,2018-11-02T00:14:14.734Z,buy,5.677e-05,20.0,0.0011354
BRD/BTC,1541117675968,2018-11-02T00:14:35.968Z,sell,5.675e-05,20.0,0.001135
BRD/BTC,1541117769785,2018-11-02T00:16:09.785Z,buy,5.677e-05,18.0,0.00102186
BRD/BTC,1541117780526,2018-11-02T00:16:20.526Z,sell,5.675e-05,188.0,0.010669
BRD/BTC,1541117780855,2018-11-02T00:16:20.855Z,sell,5.669e-05,19.0,0.00107711
BRD/BTC,1541117780855,2018-11-02T00:16:20.855Z,sell,5.668e-05,19.0,0.00107692
BRD/BTC,1541117780855,2018-11-02T00:16:20.855Z,sell,5.667e-05,19.0,0.00107673
BRD/BTC,1541117780855,2018-11-02T00:16:20.855Z,sell,5.666e-05,1.0,5.666e-05
BRD/BTC,1541117780855,2018-11-02T00:16:20.855Z,sell,5.666e-05,38.0,0.00215308
BRD/BTC,1541117780855,2018-11-02T00:16:20.855Z,sell,5.664e-05,110.0,0.0062304
BRD/BTC,1541117780938,2018-11-02T00:16:20.938Z,buy,5.663e-05,19.0,0.0010759699999999999
BRD/BTC,1541117823637,2018-11-02T00:17:03.637Z,sell,5.66e-05,19.0,0.0010754
BRD/BTC,1541117829947,2018-11-02T00:17:09.947Z,sell,5.659e-05,19.0,0.00107521
BRD/BTC,1541117861962,2018-11-02T00:17:41.962Z,buy,5.658e-05,88.0,0.00497904
BRD/BTC,1541117862692,2018-11-02T00:17:42.692Z,sell,5.653e-05,80.0,0.0045224
BRD/BTC,1541117867587,2018-11-02T00:17:47.587Z,sell,5.653e-05,520.0,0.0293956
BRD/BTC,1541117902832,2018-11-02T00:18:22.832Z,sell,5.649e-05,352.0,0.01988448
BRD/BTC,1541117902856,2018-11-02T00:18:22.856Z,sell,5.649e-05,265.0,0.014969850000000002
BRD/BTC,1541117928752,2018-11-02T00:18:48.752Z,sell,5.648e-05,517.0,0.02920016
BRD/BTC,1541117930035,2018-11-02T00:18:50.035Z,sell,5.648e-05,108.0,0.0060998400000000005
BRD/BTC,1541117931509,2018-11-02T00:18:51.509Z,sell,5.648e-05,151.0,0.00852848
BRD/BTC,1541117931552,2018-11-02T00:18:51.552Z,sell,5.648e-05,318.0,0.01796064
BRD/BTC,1541118004672,2018-11-02T00:20:04.672Z,sell,5.649e-05,418.0,0.02361282
BRD/BTC,1541118004694,2018-11-02T00:20:04.694Z,sell,5.649e-05,372.0,0.02101428
BRD/BTC,1541118021730,2018-11-02T00:20:21.730Z,sell,5.649e-05,18.0,0.00101682
BRD/BTC,1541118084276,2018-11-02T00:21:24.276Z,buy,5.659e-05,3.0,0.00016977
BRD/BTC,1541118185924,2018-11-02T00:23:05.924Z,sell,5.661e-05,378.0,0.02139858
BRD/BTC,1541118215396,2018-11-02T00:23:35.396Z,sell,5.661e-05,19.0,0.00107559
BRD/BTC,1541118218343,2018-11-02T00:23:38.343Z,sell,5.661e-05,19.0,0.00107559
BRD/BTC,1541118218777,2018-11-02T00:23:38.777Z,buy,5.677e-05,76.0,0.00431452
BRD/BTC,1541118219104,2018-11-02T00:23:39.104Z,sell,5.677e-05,1753.0,0.09951781
BRD/BTC,1541118222975,2018-11-02T00:23:42.975Z,sell,5.661e-05,19.0,0.00107559
BRD/BTC,1541118226124,2018-11-02T00:23:46.124Z,sell,5.661e-05,19.0,0.00107559
BRD/BTC,1541118229251,2018-11-02T00:23:49.251Z,sell,5.661e-05,19.0,0.00107559
BRD/BTC,1541118233098,2018-11-02T00:23:53.098Z,sell,5.662e-05,19.0,0.00107578
BRD/BTC,1541118236932,2018-11-02T00:23:56.932Z,sell,5.662e-05,19.0,0.00107578
BRD/BTC,1541118240115,2018-11-02T00:24:00.115Z,sell,5.662e-05,19.0,0.00107578
BRD/BTC,1541118285802,2018-11-02T00:24:45.802Z,buy,5.673e-05,550.0,0.0312015
BRD/BTC,1541118285823,2018-11-02T00:24:45.823Z,sell,5.663e-05,344.0,0.01948072
BRD/BTC,1541118365415,2018-11-02T00:26:05.415Z,buy,5.673e-05,553.0,0.03137169
BRD/BTC,1541118365436,2018-11-02T00:26:05.436Z,sell,5.664e-05,299.0,0.01693536
BRD/BTC,1541118365457,2018-11-02T00:26:05.457Z,sell,5.664e-05,477.0,0.02701728
BRD/BTC,1541118570151,2018-11-02T00:29:30.151Z,buy,5.672e-05,201.0,0.01140072
BRD/BTC,1541118570163,2018-11-02T00:29:30.163Z,buy,5.681e-05,134.0,0.00761254
BRD/BTC,1541118693194,2018-11-02T00:31:33.194Z,sell,5.681e-05,45.0,0.00255645
BRD/BTC,1541118785746,2018-11-02T00:33:05.746Z,sell,5.666e-05,94.0,0.005326040000000001
BRD/BTC,1541118785763,2018-11-02T00:33:05.763Z,sell,5.666e-05,46.0,0.0026063600000000003
BRD/BTC,1541118852695,2018-11-02T00:34:12.695Z,buy,5.674e-05,272.0,0.01543328
BRD/BTC,1541118852711,2018-11-02T00:34:12.711Z,sell,5.666e-05,122.0,0.00691252
BRD/BTC,1541118852732,2018-11-02T00:34:12.732Z,sell,5.666e-05,200.0,0.011332
BRD/BTC,1541118901197,2018-11-02T00:35:01.197Z,buy,5.681e-05,228.0,0.01295268
BRD/BTC,1541118901313,2018-11-02T00:35:01.313Z,sell,5.681e-05,1301.0,0.07390981
BRD/BTC,1541118963753,2018-11-02T00:36:03.753Z,sell,5.667e-05,77.0,0.00436359
BRD/BTC,1541118963770,2018-11-02T00:36:03.770Z,sell,5.667e-05,476.0,0.02697492
BRD/BTC,1541118985653,2018-11-02T00:36:25.653Z,sell,5.667e-05,19.0,0.00107673
BRD/BTC,1541118989130,2018-11-02T00:36:29.130Z,sell,5.667e-05,19.0,0.00107673
BRD/BTC,1541119082912,2018-11-02T00:38:02.912Z,sell,5.669e-05,73.0,0.00413837
BRD/BTC,1541119088670,2018-11-02T00:38:08.670Z,buy,5.684e-05,28.0,0.00159152
BRD/BTC,1541119146154,2018-11-02T00:39:06.154Z,sell,5.669e-05,246.0,0.01394574
BRD/BTC,1541119146165,2018-11-02T00:39:06.165Z,sell,5.669e-05,122.0,0.00691618
BRD/BTC,1541119280242,2018-11-02T00:41:20.242Z,sell,5.668e-05,1.0,5.668e-05
BRD/BTC,1541119336203,2018-11-02T00:42:16.203Z,buy,5.675e-05,253.0,0.014357749999999999
BRD/BTC,1541119336214,2018-11-02T00:42:16.214Z,buy,5.682e-05,233.0,0.01323906
BRD/BTC,1541119336228,2018-11-02T00:42:16.228Z,buy,5.682e-05,122.0,0.00693204
BRD/BTC,1541119369737,2018-11-02T00:42:49.737Z,sell,5.668e-05,1.0,5.668e-05
BRD/BTC,1541119369820,2018-11-02T00:42:49.820Z,sell,5.668e-05,79.0,0.00447772
BRD/BTC,1541119443804,2018-11-02T00:44:03.804Z,sell,5.663e-05,459.0,0.02599317
BRD/BTC,1541119511024,2018-11-02T00:45:11.024Z,buy,5.681e-05,416.0,0.02363296
BRD/BTC,1541119511043,2018-11-02T00:45:11.043Z,buy,5.681e-05,37.0,0.00210197
BRD/BTC,1541119513860,2018-11-02T00:45:13.860Z,buy,5.682e-05,40.0,0.0022728
BRD/BTC,1541119672375,2018-11-02T00:47:52.375Z,sell,5.661e-05,27.0,0.00152847
BRD/BTC,1541119744339,2018-11-02T00:49:04.339Z,buy,5.672e-05,883.0,0.05008376
BRD/BTC,1541119744345,2018-11-02T00:49:04.345Z,sell,5.663e-05,435.0,0.024634049999999998
BRD/BTC,1541119744365,2018-11-02T00:49:04.365Z,sell,5.663e-05,309.0,0.01749867
BRD/BTC,1541119773389,2018-11-02T00:49:33.389Z,buy,5.682e-05,23.0,0.00130686
BRD/BTC,1541119926044,2018-11-02T00:52:06.044Z,sell,5.666e-05,496.0,0.02810336
BRD/BTC,1541119926066,2018-11-02T00:52:06.066Z,sell,5.666e-05,284.0,0.016091440000000002
BRD/BTC,1541119976424,2018-11-02T00:52:56.424Z,sell,5.665e-05,549.0,0.03110085
BRD/BTC,1541119976543,2018-11-02T00:52:56.543Z,sell,5.662e-05,71.0,0.00402002
BRD/BTC,1541119978541,2018-11-02T00:52:58.541Z,sell,5.661e-05,20.0,0.0011322
BRD/BTC,1541119978541,2018-11-02T00:52:58.541Z,sell,5.661e-05,20.0,0.0011322
BRD/BTC,1541119998247,2018-11-02T00:53:18.247Z,sell,5.66e-05,1.0,5.66e-05
BRD/BTC,1541120045513,2018-11-02T00:54:05.513Z,buy,5.664e-05,236.0,0.01336704
BRD/BTC,1541120045523,2018-11-02T00:54:05.523Z,buy,5.664e-05,187.0,0.01059168
BRD/BTC,1541120219559,2018-11-02T00:56:59.559Z,buy,5.671e-05,368.0,0.02086928
BRD/BTC,1541120219568,2018-11-02T00:56:59.568Z,sell,5.661e-05,198.0,0.01120878
BRD/BTC,1541120328038,2018-11-02T00:58:48.038Z,sell,5.66e-05,17.0,0.0009622
BRD/BTC,1541120328038,2018-11-02T00:58:48.038Z,sell,5.646e-05,50.0,0.002823
BRD/BTC,1541120390292,2018-11-02T00:59:50.292Z,buy,5.676e-05,86.0,0.0048813599999999995
BRD/BTC,1541120390967,2018-11-02T00:59:50.967Z,sell,5.676e-05,524.0,0.02974224
BRD/BTC,1541120415780,2018-11-02T01:00:15.780Z,sell,5.676e-05,185.0,0.0105006
BRD/BTC,1541120419937,2018-11-02T01:00:19.937Z,sell,5.647e-05,67.0,0.00378349
BRD/BTC,1541120568091,2018-11-02T01:02:48.091Z,sell,5.65e-05,432.0,0.024408
BRD/BTC,1541120568110,2018-11-02T01:02:48.110Z,sell,5.65e-05,190.0,0.010735
BRD/BTC,1541120627843,2018-11-02T01:03:47.843Z,sell,5.65e-05,236.0,0.013333999999999999
BRD/BTC,1541120822903,2018-11-02T01:07:02.903Z,sell,5.648e-05,450.0,0.025416
BRD/BTC,1541120822903,2018-11-02T01:07:02.903Z,sell,5.647e-05,108.0,0.00609876
BRD/BTC,1541120822903,2018-11-02T01:07:02.903Z,sell,5.646e-05,30.0,0.0016937999999999999
BRD/BTC,1541120822903,2018-11-02T01:07:02.903Z,sell,5.645e-05,449.0,0.025346050000000002
BRD/BTC,1541120822903,2018-11-02T01:07:02.903Z,sell,5.639e-05,140.0,0.0078946
BRD/BTC,1541120837247,2018-11-02T01:07:17.247Z,buy,5.671e-05,84.0,0.0047636399999999995
BRD/BTC,1541120837263,2018-11-02T01:07:17.263Z,buy,5.671e-05,372.0,0.02109612
BRD/BTC,1541120884597,2018-11-02T01:08:04.597Z,sell,5.642e-05,55.0,0.0031031
BRD/BTC,1541120884624,2018-11-02T01:08:04.624Z,sell,5.642e-05,267.0,0.01506414
BRD/BTC,1541121042298,2018-11-02T01:10:42.298Z,sell,5.638e-05,52.0,0.00293176
BRD/BTC,1541121063760,2018-11-02T01:11:03.760Z,sell,5.639e-05,74.0,0.0041728600000000005
BRD/BTC,1541121063782,2018-11-02T01:11:03.782Z,sell,5.639e-05,255.0,0.01437945
BRD/BTC,1541121204003,2018-11-02T01:13:24.003Z,sell,5.639e-05,18.0,0.00101502
BRD/BTC,1541121365404,2018-11-02T01:16:05.404Z,sell,5.639e-05,304.0,0.01714256
BRD/BTC,1541121365425,2018-11-02T01:16:05.425Z,sell,5.639e-05,40.0,0.0022556
BRD/BTC,1541121434507,2018-11-02T01:17:14.507Z,sell,5.639e-05,19.0,0.00107141
BRD/BTC,1541121448755,2018-11-02T01:17:28.755Z,sell,5.639e-05,55.0,0.00310145
BRD/BTC,1541121550459,2018-11-02T01:19:10.459Z,sell,5.64e-05,325.0,0.01833
BRD/BTC,1541121550472,2018-11-02T01:19:10.472Z,sell,5.64e-05,36.0,0.0020304
BRD/BTC,1541121723836,2018-11-02T01:22:03.836Z,buy,5.664e-05,354.0,0.02005056
BRD/BTC,1541121723857,2018-11-02T01:22:03.857Z,buy,5.664e-05,108.0,0.00611712
BRD/BTC,1541121910606,2018-11-02T01:25:10.606Z,buy,5.672e-05,165.0,0.0093588
BRD/BTC,1541121910606,2018-11-02T01:25:10.606Z,buy,5.673e-05,311.0,0.01764303
BRD/BTC,1541121910606,2018-11-02T01:25:10.606Z,buy,5.674e-05,46.0,0.00261004
BRD/BTC,1541121965892,2018-11-02T01:26:05.892Z,buy,5.673e-05,307.0,0.01741611
BRD/BTC,1541122019112,2018-11-02T01:26:59.112Z,buy,5.659e-05,249.0,0.01409091
BRD/BTC,1541122019129,2018-11-02T01:26:59.129Z,sell,5.645e-05,281.0,0.01586245
BRD/BTC,1541122019155,2018-11-02T01:26:59.155Z,sell,5.645e-05,181.0,0.010217450000000001
BRD/BTC,1541122032722,2018-11-02T01:27:12.722Z,sell,5.64e-05,26.0,0.0014664
BRD/BTC,1541122075028,2018-11-02T01:27:55.028Z,sell,5.642e-05,64.0,0.00361088
BRD/BTC,1541122083783,2018-11-02T01:28:03.783Z,buy,5.671e-05,18.0,0.00102078
BRD/BTC,1541122107919,2018-11-02T01:28:27.919Z,buy,5.673e-05,200.0,0.011346
BRD/BTC,1541122107943,2018-11-02T01:28:27.943Z,buy,5.673e-05,223.0,0.01265079
BRD/BTC,1541122127130,2018-11-02T01:28:47.130Z,buy,5.672e-05,29.0,0.00164488
BRD/BTC,1541122143153,2018-11-02T01:29:03.153Z,sell,5.642e-05,724.0,0.04084808
BRD/BTC,1541122143153,2018-11-02T01:29:03.153Z,sell,5.639e-05,712.0,0.04014968
BRD/BTC,1541122143153,2018-11-02T01:29:03.153Z,sell,5.638e-05,391.0,0.02204458
BRD/BTC,1541122143153,2018-11-02T01:29:03.153Z,sell,5.63e-05,383.0,0.0215629
BRD/BTC,1541122143153,2018-11-02T01:29:03.153Z,sell,5.627e-05,83.0,0.00467041
BRD/BTC,1541122143153,2018-11-02T01:29:03.153Z,sell,5.621e-05,28.0,0.00157388
BRD/BTC,1541122143153,2018-11-02T01:29:03.153Z,sell,5.62e-05,425.0,0.023885
BRD/BTC,1541122205630,2018-11-02T01:30:05.630Z,buy,5.653e-05,399.0,0.02255547
BRD/BTC,1541122205641,2018-11-02T01:30:05.641Z,buy,5.667e-05,129.0,0.00731043
BRD/BTC,1541122205656,2018-11-02T01:30:05.656Z,buy,5.667e-05,392.0,0.02221464
BRD/BTC,1541122272609,2018-11-02T01:31:12.609Z,sell,5.643e-05,110.0,0.0062073
BRD/BTC,1541122272627,2018-11-02T01:31:12.627Z,sell,5.643e-05,18.0,0.00101574
BRD/BTC,1541122359898,2018-11-02T01:32:39.898Z,sell,5.633e-05,184.0,0.01036472
BRD/BTC,1541122360702,2018-11-02T01:32:40.702Z,buy,5.633e-05,610.0,0.0343613
BRD/BTC,1541122444065,2018-11-02T01:34:04.065Z,buy,5.647e-05,466.0,0.02631502
BRD/BTC,1541122444080,2018-11-02T01:34:04.080Z,sell,5.633e-05,259.0,0.01458947
BRD/BTC,1541122625431,2018-11-02T01:37:05.431Z,buy,5.662e-05,71.0,0.00402002
BRD/BTC,1541122730476,2018-11-02T01:38:50.476Z,buy,5.662e-05,346.0,0.01959052
BRD/BTC,1541122730497,2018-11-02T01:38:50.497Z,buy,5.662e-05,448.0,0.025365759999999998
BRD/BTC,1541122804147,2018-11-02T01:40:04.147Z,buy,5.648e-05,424.0,0.02394752
BRD/BTC,1541122804165,2018-11-02T01:40:04.165Z,sell,5.634e-05,379.0,0.02135286
BRD/BTC,1541122804184,2018-11-02T01:40:04.184Z,sell,5.634e-05,156.0,0.00878904
BRD/BTC,1541122996780,2018-11-02T01:43:16.780Z,buy,5.656e-05,30.0,0.0016968
BRD/BTC,1541123234375,2018-11-02T01:47:14.375Z,sell,5.636e-05,121.0,0.0068195600000000006
BRD/BTC,1541123234388,2018-11-02T01:47:14.388Z,sell,5.636e-05,446.0,0.025136560000000002
BRD/BTC,1541123284681,2018-11-02T01:48:04.681Z,sell,5.636e-05,155.0,0.0087358
BRD/BTC,1541123284694,2018-11-02T01:48:04.694Z,sell,5.636e-05,454.0,0.02558744
BRD/BTC,1541123326610,2018-11-02T01:48:46.610Z,buy,5.666e-05,18.0,0.0010198800000000001
BRD/BTC,1541123525948,2018-11-02T01:52:05.948Z,buy,5.649e-05,1052.0,0.059427480000000005
BRD/BTC,1541123525962,2018-11-02T01:52:05.962Z,sell,5.635e-05,188.0,0.0105938
BRD/BTC,1541123525983,2018-11-02T01:52:05.983Z,sell,5.635e-05,421.0,0.02372335
BRD/BTC,1541123525983,2018-11-02T01:52:05.983Z,sell,5.635e-05,421.0,0.02372335
BRD/BTC,1541123596456,2018-11-02T01:53:16.456Z,buy,5.665e-05,135.0,0.00764775
BRD/BTC,1541123596456,2018-11-02T01:53:16.456Z,buy,5.666e-05,42.0,0.00237972
BRD/BTC,1541123596907,2018-11-02T01:53:16.907Z,sell,5.665e-05,69.0,0.00390885
BRD/BTC,1541123635859,2018-11-02T01:53:55.859Z,buy,5.649e-05,1243.0,0.07021707
BRD/BTC,1541123635873,2018-11-02T01:53:55.873Z,sell,5.635e-05,457.0,0.02575195
BRD/BTC,1541123779272,2018-11-02T01:56:19.272Z,buy,5.666e-05,1.0,5.666e-05
BRD/BTC,1541123824096,2018-11-02T01:57:04.096Z,sell,5.645e-05,168.0,0.0094836
BRD/BTC,1541123827936,2018-11-02T01:57:07.936Z,buy,5.671e-05,162.0,0.009187019999999999
BRD/BTC,1541124065668,2018-11-02T02:01:05.668Z,buy,5.657e-05,301.0,0.017027570000000002
BRD/BTC,1541124243747,2018-11-02T02:04:03.747Z,sell,5.636e-05,165.0,0.009299400000000001
BRD/BTC,1541124243747,2018-11-02T02:04:03.747Z,sell,5.635e-05,42.0,0.0023667000000000002
BRD/BTC,1541124244128,2018-11-02T02:04:04.128Z,buy,5.635e-05,522.0,0.029414700000000002
BRD/BTC,1541124425588,2018-11-02T02:07:05.588Z,sell,5.634e-05,365.0,0.0205641
BRD/BTC,1541124425603,2018-11-02T02:07:05.603Z,sell,5.634e-05,234.0,0.01318356
BRD/BTC,1541124487295,2018-11-02T02:08:07.295Z,buy,5.661e-05,2.0,0.00011322
BRD/BTC,1541124605604,2018-11-02T02:10:05.604Z,sell,5.634e-05,334.0,0.01881756
BRD/BTC,1541124605616,2018-11-02T02:10:05.616Z,sell,5.634e-05,424.0,0.02388816
BRD/BTC,1541124632735,2018-11-02T02:10:32.735Z,buy,5.66e-05,334.0,0.018904400000000002
BRD/BTC,1541124785317,2018-11-02T02:13:05.317Z,sell,5.634e-05,18.0,0.00101412
BRD/BTC,1541124785338,2018-11-02T02:13:05.338Z,sell,5.634e-05,265.0,0.0149301
BRD/BTC,1541124914249,2018-11-02T02:15:14.249Z,sell,5.634e-05,344.0,0.01938096
BRD/BTC,1541124914264,2018-11-02T02:15:14.264Z,sell,5.634e-05,204.0,0.01149336
BRD/BTC,1541125099936,2018-11-02T02:18:19.936Z,buy,5.665e-05,449.0,0.02543585
BRD/BTC,1541125099957,2018-11-02T02:18:19.957Z,buy,5.665e-05,335.0,0.01897775
BRD/BTC,1541125170464,2018-11-02T02:19:30.464Z,sell,5.633e-05,50.0,0.0028165
BRD/BTC,1541125173032,2018-11-02T02:19:33.032Z,buy,5.633e-05,27.0,0.0015209099999999999
BRD/BTC,1541125187345,2018-11-02T02:19:47.345Z,buy,5.633e-05,99.0,0.00557667
BRD/BTC,1541125324948,2018-11-02T02:22:04.948Z,sell,5.633e-05,49.0,0.0027601699999999997
BRD/BTC,1541125485050,2018-11-02T02:24:45.050Z,sell,5.634e-05,444.0,0.02501496
BRD/BTC,1541125626812,2018-11-02T02:27:06.812Z,sell,5.634e-05,54.0,0.00304236
BRD/BTC,1541125863983,2018-11-02T02:31:03.983Z,buy,5.648e-05,145.0,0.0081896
BRD/BTC,1541125863993,2018-11-02T02:31:03.993Z,sell,5.633e-05,53.0,0.00298549
BRD/BTC,1541125963554,2018-11-02T02:32:43.554Z,buy,5.649e-05,428.0,0.02417772
BRD/BTC,1541125963566,2018-11-02T02:32:43.566Z,sell,5.635e-05,206.0,0.0116081
BRD/BTC,1541125963582,2018-11-02T02:32:43.582Z,sell,5.635e-05,208.0,0.0117208
BRD/BTC,1541126049500,2018-11-02T02:34:09.500Z,buy,5.659e-05,490.0,0.0277291
BRD/BTC,1541126163654,2018-11-02T02:36:03.654Z,sell,5.636e-05,284.0,0.01600624
BRD/BTC,1541126253387,2018-11-02T02:37:33.387Z,buy,5.662e-05,324.0,0.018344879999999997
BRD/BTC,1541126344929,2018-11-02T02:39:04.929Z,sell,5.638e-05,365.0,0.0205787
BRD/BTC,1541126344946,2018-11-02T02:39:04.946Z,sell,5.638e-05,334.0,0.01883092
BRD/BTC,1541126379645,2018-11-02T02:39:39.645Z,buy,5.648e-05,23.0,0.00129904
BRD/BTC,1541126524796,2018-11-02T02:42:04.796Z,buy,5.648e-05,298.0,0.016831040000000002
BRD/BTC,1541126645168,2018-11-02T02:44:05.168Z,sell,5.638e-05,21.0,0.00118398
BRD/BTC,1541126645185,2018-11-02T02:44:05.185Z,sell,5.638e-05,280.0,0.0157864
BRD/BTC,1541126764696,2018-11-02T02:46:04.696Z,buy,5.65e-05,237.0,0.0133905
BRD/BTC,1541126764719,2018-11-02T02:46:04.719Z,buy,5.664e-05,99.0,0.00560736
BRD/BTC,1541126934280,2018-11-02T02:48:54.280Z,sell,5.638e-05,51.0,0.00287538
BRD/BTC,1541126934299,2018-11-02T02:48:54.299Z,sell,5.638e-05,141.0,0.00794958
BRD/BTC,1541127124162,2018-11-02T02:52:04.162Z,sell,5.638e-05,146.0,0.00823148
BRD/BTC,1541127124181,2018-11-02T02:52:04.181Z,sell,5.638e-05,480.0,0.0270624
BRD/BTC,1541127124181,2018-11-02T02:52:04.181Z,sell,5.638e-05,480.0,0.0270624
BRD/BTC,1541127203661,2018-11-02T02:53:23.661Z,buy,5.654e-05,229.0,0.01294766
BRD/BTC,1541127203668,2018-11-02T02:53:23.668Z,sell,5.638e-05,482.0,0.02717516
BRD/BTC,1541127203692,2018-11-02T02:53:23.692Z,sell,5.638e-05,135.0,0.0076113
BRD/BTC,1541127425415,2018-11-02T02:57:05.415Z,sell,5.638e-05,475.0,0.0267805
BRD/BTC,1541127493849,2018-11-02T02:58:13.849Z,sell,5.637e-05,167.0,0.00941379
BRD/BTC,1541127545924,2018-11-02T02:59:05.924Z,buy,5.643e-05,571.0,0.03222153
BRD/BTC,1541127545933,2018-11-02T02:59:05.933Z,sell,5.638e-05,476.0,0.02683688
BRD/BTC,1541127664306,2018-11-02T03:01:04.306Z,sell,5.638e-05,446.0,0.025145479999999998
BRD/BTC,1541127683543,2018-11-02T03:01:23.543Z,sell,5.638e-05,338.0,0.01905644
BRD/BTC,1541127683572,2018-11-02T03:01:23.572Z,sell,5.638e-05,347.0,0.01956386
BRD/BTC,1541127690481,2018-11-02T03:01:30.481Z,buy,5.649e-05,1.0,5.649e-05
BRD/BTC,1541127784797,2018-11-02T03:03:04.797Z,buy,5.648e-05,404.0,0.022817920000000002
BRD/BTC,1541127799431,2018-11-02T03:03:19.431Z,buy,5.654e-05,146.0,0.00825484
BRD/BTC,1541127845658,2018-11-02T03:04:05.658Z,buy,5.654e-05,490.0,0.0277046
BRD/BTC,1541127905379,2018-11-02T03:05:05.379Z,buy,5.654e-05,390.0,0.0220506
BRD/BTC,1541127963622,2018-11-02T03:06:03.622Z,buy,5.662e-05,453.0,0.02564886
BRD/BTC,1541127963647,2018-11-02T03:06:03.647Z,buy,5.662e-05,347.0,0.01964714
BRD/BTC,1541128085211,2018-11-02T03:08:05.211Z,sell,5.638e-05,495.0,0.027908099999999998
BRD/BTC,1541128085225,2018-11-02T03:08:05.225Z,sell,5.638e-05,488.0,0.02751344
BRD/BTC,1541128249321,2018-11-02T03:10:49.321Z,buy,5.651e-05,340.0,0.0192134
BRD/BTC,1541128249328,2018-11-02T03:10:49.328Z,sell,5.638e-05,130.0,0.0073294
BRD/BTC,1541128564030,2018-11-02T03:16:04.030Z,buy,5.663e-05,476.0,0.026955879999999998
BRD/BTC,1541128564042,2018-11-02T03:16:04.042Z,buy,5.663e-05,272.0,0.01540336
BRD/BTC,1541128650627,2018-11-02T03:17:30.627Z,sell,5.637e-05,73.0,0.00411501
BRD/BTC,1541128650627,2018-11-02T03:17:30.627Z,sell,5.632e-05,279.0,0.01571328
BRD/BTC,1541128650627,2018-11-02T03:17:30.627Z,sell,5.625e-05,44.0,0.0024749999999999998
BRD/BTC,1541128650627,2018-11-02T03:17:30.627Z,sell,5.624e-05,1239.0,0.06968136
BRD/BTC,1541128650627,2018-11-02T03:17:30.627Z,sell,5.623e-05,837.0,0.047064510000000004
BRD/BTC,1541128744050,2018-11-02T03:19:04.050Z,sell,5.624e-05,401.0,0.022552239999999998
BRD/BTC,1541128744075,2018-11-02T03:19:04.075Z,sell,5.624e-05,317.0,0.01782808
BRD/BTC,1541128788793,2018-11-02T03:19:48.793Z,buy,5.659e-05,144.0,0.00814896
BRD/BTC,1541128788801,2018-11-02T03:19:48.801Z,buy,5.659e-05,21.0,0.0011883899999999999
BRD/BTC,1541128865929,2018-11-02T03:21:05.929Z,buy,5.659e-05,398.0,0.02252282
BRD/BTC,1541128865940,2018-11-02T03:21:05.940Z,buy,5.659e-05,56.0,0.0031690399999999997
BRD/BTC,1541128902941,2018-11-02T03:21:42.941Z,buy,5.66e-05,58.0,0.0032828
BRD/BTC,1541128963021,2018-11-02T03:22:43.021Z,buy,5.662e-05,18.0,0.0010191599999999999
BRD/BTC,1541129026633,2018-11-02T03:23:46.633Z,sell,5.626e-05,116.0,0.00652616
BRD/BTC,1541129163972,2018-11-02T03:26:03.972Z,buy,5.644e-05,714.0,0.04029816
BRD/BTC,1541129163990,2018-11-02T03:26:03.990Z,sell,5.626e-05,458.0,0.02576708
BRD/BTC,1541129295201,2018-11-02T03:28:15.201Z,buy,5.634e-05,42.0,0.00236628
BRD/BTC,1541129295210,2018-11-02T03:28:15.210Z,sell,5.625e-05,32.0,0.0018
BRD/BTC,1541129343616,2018-11-02T03:29:03.616Z,sell,5.625e-05,309.0,0.01738125
BRD/BTC,1541129356451,2018-11-02T03:29:16.451Z,sell,5.624e-05,1062.0,0.059726879999999996
BRD/BTC,1541129356451,2018-11-02T03:29:16.451Z,sell,5.623e-05,684.0,0.03846132
BRD/BTC,1541129411221,2018-11-02T03:30:11.221Z,buy,5.642e-05,211.0,0.01190462
BRD/BTC,1541129466464,2018-11-02T03:31:06.464Z,sell,5.624e-05,336.0,0.01889664
BRD/BTC,1541129466482,2018-11-02T03:31:06.482Z,sell,5.624e-05,494.0,0.027782559999999998
BRD/BTC,1541129523991,2018-11-02T03:32:03.991Z,sell,5.625e-05,291.0,0.016368749999999998
BRD/BTC,1541129524014,2018-11-02T03:32:04.014Z,sell,5.625e-05,386.0,0.0217125
BRD/BTC,1541129639915,2018-11-02T03:33:59.915Z,sell,5.626e-05,478.0,0.02689228
BRD/BTC,1541129747610,2018-11-02T03:35:47.610Z,sell,5.625e-05,78.0,0.0043875
BRD/BTC,1541129747610,2018-11-02T03:35:47.610Z,sell,5.624e-05,1278.0,0.07187471999999999
BRD/BTC,1541129747610,2018-11-02T03:35:47.610Z,sell,5.623e-05,773.0,0.043465790000000004
BRD/BTC,1541129779436,2018-11-02T03:36:19.436Z,buy,5.647e-05,21.0,0.00118587
BRD/BTC,1541129779732,2018-11-02T03:36:19.732Z,buy,5.647e-05,144.0,0.00813168
BRD/BTC,1541129780324,2018-11-02T03:36:20.324Z,sell,5.647e-05,144.0,0.00813168
BRD/BTC,1541129823771,2018-11-02T03:37:03.771Z,sell,5.626e-05,19.0,0.00106894
BRD/BTC,1541129823787,2018-11-02T03:37:03.787Z,sell,5.626e-05,228.0,0.01282728
BRD/BTC,1541129893010,2018-11-02T03:38:13.010Z,sell,5.625e-05,59.0,0.00331875
BRD/BTC,1541129893036,2018-11-02T03:38:13.036Z,sell,5.625e-05,175.0,0.00984375
BRD/BTC,1541130124001,2018-11-02T03:42:04.001Z,buy,5.659e-05,192.0,0.01086528
BRD/BTC,1541130124010,2018-11-02T03:42:04.010Z,buy,5.659e-05,38.0,0.00215042
BRD/BTC,1541130175055,2018-11-02T03:42:55.055Z,sell,5.628e-05,136.0,0.007654080000000001
BRD/BTC,1541130365679,2018-11-02T03:46:05.679Z,buy,5.643e-05,295.0,0.01664685
BRD/BTC,1541130365692,2018-11-02T03:46:05.692Z,buy,5.659e-05,20.0,0.0011318
BRD/BTC,1541130365716,2018-11-02T03:46:05.716Z,buy,5.659e-05,123.0,0.00696057
BRD/BTC,1541130482571,2018-11-02T03:48:02.571Z,sell,5.659e-05,1081.0,0.06117379
BRD/BTC,1541130515102,2018-11-02T03:48:35.102Z,buy,5.659e-05,186.0,0.01052574
BRD/BTC,1541130515118,2018-11-02T03:48:35.118Z,buy,5.659e-05,194.0,0.010978459999999999
BRD/BTC,1541130545136,2018-11-02T03:49:05.136Z,sell,5.631e-05,353.0,0.01987743
BRD/BTC,1541130545153,2018-11-02T03:49:05.153Z,sell,5.631e-05,40.0,0.0022524
BRD/BTC,1541130576019,2018-11-02T03:49:36.019Z,sell,5.631e-05,456.0,0.02567736
BRD/BTC,1541130576027,2018-11-02T03:49:36.027Z,sell,5.631e-05,473.0,0.02663463
BRD/BTC,1541130664593,2018-11-02T03:51:04.593Z,buy,5.657e-05,432.0,0.02443824
BRD/BTC,1541130664593,2018-11-02T03:51:04.593Z,buy,5.657e-05,432.0,0.02443824
BRD/BTC,1541130813304,2018-11-02T03:53:33.304Z,buy,5.658e-05,152.0,0.008600159999999999
BRD/BTC,1541130813304,2018-11-02T03:53:33.304Z,buy,5.659e-05,25.0,0.00141475
BRD/BTC,1541130855099,2018-11-02T03:54:15.099Z,buy,5.658e-05,163.0,0.00922254
BRD/BTC,1541130966006,2018-11-02T03:56:06.006Z,sell,5.642e-05,380.0,0.0214396
BRD/BTC,1541130966019,2018-11-02T03:56:06.019Z,sell,5.642e-05,18.0,0.00101556
BRD/BTC,1541131074663,2018-11-02T03:57:54.663Z,buy,5.656e-05,18.0,0.00101808
BRD/BTC,1541131079802,2018-11-02T03:57:59.802Z,buy,5.656e-05,111.0,0.00627816
BRD/BTC,1541131079825,2018-11-02T03:57:59.825Z,buy,5.656e-05,414.0,0.02341584
BRD/BTC,1541131087667,2018-11-02T03:58:07.667Z,sell,5.656e-05,18.0,0.00101808
BRD/BTC,1541131112163,2018-11-02T03:58:32.163Z,sell,5.634e-05,165.0,0.0092961
BRD/BTC,1541131112163,2018-11-02T03:58:32.163Z,sell,5.632e-05,12.0,0.00067584
BRD/BTC,1541131285199,2018-11-02T04:01:25.199Z,buy,5.653e-05,359.0,0.02029427
BRD/BTC,1541131285221,2018-11-02T04:01:25.221Z,buy,5.653e-05,316.0,0.01786348
BRD/BTC,1541131288349,2018-11-02T04:01:28.349Z,buy,5.658e-05,76.0,0.0043000799999999995
BRD/BTC,1541131288349,2018-11-02T04:01:28.349Z,buy,5.659e-05,165.0,0.00933735
BRD/BTC,1541131288349,2018-11-02T04:01:28.349Z,buy,5.66e-05,108.0,0.0061128
BRD/BTC,1541131288349,2018-11-02T04:01:28.349Z,buy,5.663e-05,4.0,0.00022652
BRD/BTC,1541131293994,2018-11-02T04:01:33.994Z,sell,5.632e-05,300.0,0.016896
BRD/BTC,1541131384056,2018-11-02T04:03:04.056Z,buy,5.649e-05,1240.0,0.0700476
BRD/BTC,1541131384064,2018-11-02T04:03:04.064Z,sell,5.635e-05,22.0,0.0012397
BRD/BTC,1541131384075,2018-11-02T04:03:04.075Z,sell,5.635e-05,440.0,0.024794
BRD/BTC,1541131433156,2018-11-02T04:03:53.156Z,buy,5.663e-05,23.0,0.00130249
BRD/BTC,1541131474106,2018-11-02T04:04:34.106Z,buy,5.663e-05,3.0,0.00016989
BRD/BTC,1541131572300,2018-11-02T04:06:12.300Z,buy,5.651e-05,85.0,0.00480335
BRD/BTC,1541131572310,2018-11-02T04:06:12.310Z,buy,5.662e-05,43.0,0.00243466
BRD/BTC,1541131626147,2018-11-02T04:07:06.147Z,buy,5.662e-05,363.0,0.020553059999999998
BRD/BTC,1541131626169,2018-11-02T04:07:06.169Z,buy,5.662e-05,139.0,0.00787018
BRD/BTC,1541131633591,2018-11-02T04:07:13.591Z,buy,5.652e-05,1211.0,0.06844572
BRD/BTC,1541131633608,2018-11-02T04:07:13.608Z,sell,5.641e-05,452.0,0.025497319999999997
BRD/BTC,1541131715153,2018-11-02T04:08:35.153Z,sell,5.642e-05,52.0,0.00293384
BRD/BTC,1541131745098,2018-11-02T04:09:05.098Z,buy,5.662e-05,205.0,0.011607099999999999
BRD/BTC,1541131745116,2018-11-02T04:09:05.116Z,buy,5.662e-05,293.0,0.01658966
BRD/BTC,1541131748697,2018-11-02T04:09:08.697Z,buy,5.663e-05,2.0,0.00011326
BRD/BTC,1541131876403,2018-11-02T04:11:16.403Z,sell,5.641e-05,481.0,0.027133209999999998
BRD/BTC,1541132106021,2018-11-02T04:15:06.021Z,sell,5.642e-05,319.0,0.01799798
BRD/BTC,1541132106041,2018-11-02T04:15:06.041Z,sell,5.642e-05,447.0,0.02521974
BRD/BTC,1541132172696,2018-11-02T04:16:12.696Z,buy,5.65e-05,307.0,0.0173455
BRD/BTC,1541132225034,2018-11-02T04:17:05.034Z,buy,5.65e-05,210.0,0.011864999999999999
BRD/BTC,1541132225057,2018-11-02T04:17:05.057Z,buy,5.65e-05,18.0,0.001017
BRD/BTC,1541132384625,2018-11-02T04:19:44.625Z,sell,5.641e-05,496.0,0.027979359999999998
BRD/BTC,1541132384639,2018-11-02T04:19:44.639Z,sell,5.641e-05,269.0,0.01517429
BRD/BTC,1541132466059,2018-11-02T04:21:06.059Z,sell,5.641e-05,424.0,0.02391784
BRD/BTC,1541132474908,2018-11-02T04:21:14.908Z,buy,5.658e-05,143.0,0.00809094
BRD/BTC,1541132474926,2018-11-02T04:21:14.926Z,buy,5.658e-05,444.0,0.025121519999999998
BRD/BTC,1541132492279,2018-11-02T04:21:32.279Z,buy,5.659e-05,23.0,0.00130157
BRD/BTC,1541132493282,2018-11-02T04:21:33.282Z,sell,5.659e-05,61.0,0.00345199
BRD/BTC,1541132523713,2018-11-02T04:22:03.713Z,sell,5.641e-05,487.0,0.02747167
BRD/BTC,1541132764406,2018-11-02T04:26:04.406Z,sell,5.642e-05,57.0,0.00321594
BRD/BTC,1541132918832,2018-11-02T04:28:38.832Z,sell,5.641e-05,500.0,0.028204999999999997
BRD/BTC,1541132918832,2018-11-02T04:28:38.832Z,sell,5.64e-05,138.0,0.0077832000000000005
BRD/BTC,1541132931480,2018-11-02T04:28:51.480Z,sell,5.641e-05,113.0,0.006374329999999999
BRD/BTC,1541132931480,2018-11-02T04:28:51.480Z,sell,5.64e-05,429.0,0.0241956
BRD/BTC,1541132931506,2018-11-02T04:28:51.506Z,buy,5.64e-05,1374.0,0.07749360000000001
BRD/BTC,1541132944565,2018-11-02T04:29:04.565Z,buy,5.661e-05,138.0,0.00781218
BRD/BTC,1541132944589,2018-11-02T04:29:04.589Z,buy,5.661e-05,444.0,0.025134840000000002
BRD/BTC,1541133148440,2018-11-02T04:32:28.440Z,buy,5.661e-05,469.0,0.026550090000000002
BRD/BTC,1541133245708,2018-11-02T04:34:05.708Z,sell,5.636e-05,118.0,0.00665048
BRD/BTC,1541133344009,2018-11-02T04:35:44.009Z,sell,5.636e-05,52.0,0.00293072
BRD/BTC,1541133344030,2018-11-02T04:35:44.030Z,sell,5.636e-05,70.0,0.0039452
BRD/BTC,1541133363663,2018-11-02T04:36:03.663Z,buy,5.661e-05,111.0,0.0062837100000000005
BRD/BTC,1541133445005,2018-11-02T04:37:25.005Z,buy,5.662e-05,2.0,0.00011324
BRD/BTC,1541133551400,2018-11-02T04:39:11.400Z,sell,5.636e-05,1327.0,0.07478972
BRD/BTC,1541133551400,2018-11-02T04:39:11.400Z,sell,5.635e-05,709.0,0.03995215
BRD/BTC,1541133551400,2018-11-02T04:39:11.400Z,sell,5.633e-05,37.0,0.00208421
BRD/BTC,1541133551400,2018-11-02T04:39:11.400Z,sell,5.625e-05,692.0,0.038925
BRD/BTC,1541133740932,2018-11-02T04:42:20.932Z,buy,5.661e-05,267.0,0.01511487
BRD/BTC,1541133740953,2018-11-02T04:42:20.953Z,buy,5.661e-05,421.0,0.02383281
BRD/BTC,1541133843659,2018-11-02T04:44:03.659Z,buy,5.659e-05,222.0,0.01256298
BRD/BTC,1541133843682,2018-11-02T04:44:03.682Z,buy,5.659e-05,55.0,0.00311245
BRD/BTC,1541133974713,2018-11-02T04:46:14.713Z,buy,5.649e-05,1013.0,0.057224370000000004
BRD/BTC,1541133974728,2018-11-02T04:46:14.728Z,buy,5.661e-05,433.0,0.02451213
BRD/BTC,1541134146067,2018-11-02T04:49:06.067Z,sell,5.633e-05,246.0,0.01385718
BRD/BTC,1541134146090,2018-11-02T04:49:06.090Z,sell,5.633e-05,227.0,0.01278691
BRD/BTC,1541134146090,2018-11-02T04:49:06.090Z,sell,5.633e-05,227.0,0.01278691
BRD/BTC,1541134280655,2018-11-02T04:51:20.655Z,sell,5.637e-05,323.0,0.01820751
BRD/BTC,1541134445384,2018-11-02T04:54:05.384Z,buy,5.661e-05,281.0,0.01590741
BRD/BTC,1541134445405,2018-11-02T04:54:05.405Z,buy,5.661e-05,27.0,0.00152847
BRD/BTC,1541134554302,2018-11-02T04:55:54.302Z,buy,5.649e-05,163.0,0.00920787
BRD/BTC,1541134589795,2018-11-02T04:56:29.795Z,buy,5.65e-05,59.0,0.0033334999999999997
BRD/BTC,1541134589795,2018-11-02T04:56:29.795Z,buy,5.661e-05,25.0,0.00141525
BRD/BTC,1541134770303,2018-11-02T04:59:30.303Z,buy,5.663e-05,1.0,5.663e-05
BRD/BTC,1541134985051,2018-11-02T05:03:05.051Z,sell,5.643e-05,41.0,0.00231363
BRD/BTC,1541134985067,2018-11-02T05:03:05.067Z,sell,5.643e-05,472.0,0.02663496
BRD/BTC,1541135122468,2018-11-02T05:05:22.468Z,buy,5.662e-05,279.0,0.01579698
BRD/BTC,1541135122483,2018-11-02T05:05:22.483Z,buy,5.662e-05,41.0,0.00232142
BRD/BTC,1541135225861,2018-11-02T05:07:05.861Z,sell,5.645e-05,295.0,0.01665275
BRD/BTC,1541135225884,2018-11-02T05:07:05.884Z,sell,5.645e-05,18.0,0.0010161
BRD/BTC,1541135331598,2018-11-02T05:08:51.598Z,sell,5.645e-05,84.0,0.0047418
BRD/BTC,1541135331610,2018-11-02T05:08:51.610Z,sell,5.645e-05,455.0,0.025684750000000003
BRD/BTC,1541135464292,2018-11-02T05:11:04.292Z,buy,5.661e-05,314.0,0.01777554
BRD/BTC,1541135516233,2018-11-02T05:11:56.233Z,sell,5.651e-05,93.0,0.00525543
BRD/BTC,1541135681688,2018-11-02T05:14:41.688Z,buy,5.662e-05,39.0,0.0022081799999999997
BRD/BTC,1541135705288,2018-11-02T05:15:05.288Z,sell,5.651e-05,82.0,0.00463382
BRD/BTC,1541135726725,2018-11-02T05:15:26.725Z,buy,5.656e-05,68.0,0.00384608
BRD/BTC,1541135726744,2018-11-02T05:15:26.744Z,sell,5.651e-05,204.0,0.01152804
BRD/BTC,1541135726754,2018-11-02T05:15:26.754Z,sell,5.651e-05,33.0,0.00186483
BRD/BTC,1541135943883,2018-11-02T05:19:03.883Z,buy,5.655e-05,375.0,0.02120625
BRD/BTC,1541135943891,2018-11-02T05:19:03.891Z,buy,5.661e-05,115.0,0.00651015
BRD/BTC,1541135943912,2018-11-02T05:19:03.912Z,buy,5.661e-05,177.0,0.01001997
BRD/BTC,1541135951413,2018-11-02T05:19:11.413Z,buy,5.656e-05,147.0,0.00831432
BRD/BTC,1541135951421,2018-11-02T05:19:11.421Z,sell,5.651e-05,75.0,0.00423825
BRD/BTC,1541136005333,2018-11-02T05:20:05.333Z,buy,5.661e-05,182.0,0.01030302
BRD/BTC,1541136005349,2018-11-02T05:20:05.349Z,buy,5.661e-05,259.0,0.01466199
BRD/BTC,1541136125457,2018-11-02T05:22:05.457Z,sell,5.644e-05,331.0,0.01868164
BRD/BTC,1541136214557,2018-11-02T05:23:34.557Z,sell,5.644e-05,266.0,0.01501304
BRD/BTC,1541136214567,2018-11-02T05:23:34.567Z,sell,5.644e-05,222.0,0.01252968
BRD/BTC,1541136424774,2018-11-02T05:27:04.774Z,buy,5.661e-05,58.0,0.0032833800000000002
BRD/BTC,1541136424788,2018-11-02T05:27:04.788Z,buy,5.661e-05,18.0,0.00101898
BRD/BTC,1541136450787,2018-11-02T05:27:30.787Z,buy,5.652e-05,783.0,0.04425516
BRD/BTC,1541136450800,2018-11-02T05:27:30.800Z,buy,5.661e-05,299.0,0.01692639
BRD/BTC,1541136544200,2018-11-02T05:29:04.200Z,buy,5.654e-05,434.0,0.02453836
BRD/BTC,1541136544216,2018-11-02T05:29:04.216Z,buy,5.654e-05,303.0,0.01713162
BRD/BTC,1541136737942,2018-11-02T05:32:17.942Z,buy,5.654e-05,137.0,0.0077459799999999995
BRD/BTC,1541136737963,2018-11-02T05:32:17.963Z,buy,5.654e-05,80.0,0.0045232
BRD/BTC,1541136762310,2018-11-02T05:32:42.310Z,sell,5.645e-05,55.0,0.0031047500000000003
BRD/BTC,1541136905507,2018-11-02T05:35:05.507Z,sell,5.645e-05,332.0,0.018741400000000002
BRD/BTC,1541136905522,2018-11-02T05:35:05.522Z,sell,5.645e-05,433.0,0.024442850000000002
BRD/BTC,1541136974603,2018-11-02T05:36:14.603Z,sell,5.644e-05,177.0,0.00998988
BRD/BTC,1541136974603,2018-11-02T05:36:14.603Z,sell,5.643e-05,37.0,0.00208791
BRD/BTC,1541136974603,2018-11-02T05:36:14.603Z,sell,5.631e-05,165.0,0.00929115
BRD/BTC,1541136974603,2018-11-02T05:36:14.603Z,sell,5.63e-05,217.0,0.0122171
BRD/BTC,1541136974603,2018-11-02T05:36:14.603Z,sell,5.627e-05,147.0,0.00827169
BRD/BTC,1541136974603,2018-11-02T05:36:14.603Z,sell,5.625e-05,2863.0,0.16104374999999999
BRD/BTC,1541136974619,2018-11-02T05:36:14.619Z,buy,5.625e-05,137.0,0.0077062499999999996
BRD/BTC,1541136974619,2018-11-02T05:36:14.619Z,buy,5.625e-05,2385.0,0.13415625
BRD/BTC,1541136974623,2018-11-02T05:36:14.623Z,buy,5.625e-05,20.0,0.001125
BRD/BTC,1541136974623,2018-11-02T05:36:14.623Z,buy,5.654e-05,240.0,0.0135696
BRD/BTC,1541136974623,2018-11-02T05:36:14.623Z,buy,5.663e-05,1085.0,0.06144355
BRD/BTC,1541137024659,2018-11-02T05:37:04.659Z,buy,5.659e-05,252.0,0.01426068
BRD/BTC,1541137024668,2018-11-02T05:37:04.668Z,buy,5.659e-05,147.0,0.00831873
BRD/BTC,1541137145181,2018-11-02T05:39:05.181Z,buy,5.654e-05,18.0,0.00101772
BRD/BTC,1541137145207,2018-11-02T05:39:05.207Z,buy,5.654e-05,119.0,0.00672826
BRD/BTC,1541137179511,2018-11-02T05:39:39.511Z,buy,5.651e-05,1.0,5.651e-05
BRD/BTC,1541137289307,2018-11-02T05:41:29.307Z,buy,5.643e-05,1.0,5.643e-05
BRD/BTC,1541137294871,2018-11-02T05:41:34.871Z,buy,5.642e-05,312.0,0.01760304
BRD/BTC,1541137294879,2018-11-02T05:41:34.879Z,buy,5.642e-05,277.0,0.01562834
BRD/BTC,1541137408842,2018-11-02T05:43:28.842Z,sell,5.623e-05,1881.0,0.10576863
BRD/BTC,1541137408842,2018-11-02T05:43:28.842Z,sell,5.621e-05,1176.0,0.06610296
BRD/BTC,1541137408842,2018-11-02T05:43:28.842Z,sell,5.62e-05,554.0,0.031134799999999997
BRD/BTC,1541137408842,2018-11-02T05:43:28.842Z,sell,5.617e-05,222.0,0.01246974
BRD/BTC,1541137408842,2018-11-02T05:43:28.842Z,sell,5.616e-05,677.0,0.038020319999999996
BRD/BTC,1541137408866,2018-11-02T05:43:28.866Z,buy,5.616e-05,1035.0,0.0581256
BRD/BTC,1541137408866,2018-11-02T05:43:28.866Z,buy,5.616e-05,1035.0,0.0581256
BRD/BTC,1541137408870,2018-11-02T05:43:28.870Z,buy,5.616e-05,1035.0,0.0581256
BRD/BTC,1541137408870,2018-11-02T05:43:28.870Z,buy,5.616e-05,416.0,0.023362559999999997
BRD/BTC,1541137408874,2018-11-02T05:43:28.874Z,buy,5.616e-05,406.0,0.02280096
BRD/BTC,1541137466706,2018-11-02T05:44:26.706Z,sell,5.61e-05,36.0,0.0020196
BRD/BTC,1541137466706,2018-11-02T05:44:26.706Z,sell,5.604e-05,479.0,0.026843159999999998
BRD/BTC,1541137466706,2018-11-02T05:44:26.706Z,sell,5.603e-05,139.0,0.00778817
BRD/BTC,1541137466706,2018-11-02T05:44:26.706Z,sell,5.6e-05,5494.0,0.307664
BRD/BTC,1541137501603,2018-11-02T05:45:01.603Z,buy,5.62e-05,45.0,0.002529
BRD/BTC,1541137503642,2018-11-02T05:45:03.642Z,buy,5.62e-05,87.0,0.0048893999999999995
BRD/BTC,1541137610292,2018-11-02T05:46:50.292Z,buy,5.62e-05,69.0,0.0038778
BRD/BTC,1541137624893,2018-11-02T05:47:04.893Z,buy,5.62e-05,147.0,0.0082614
BRD/BTC,1541137624908,2018-11-02T05:47:04.908Z,buy,5.62e-05,44.0,0.0024728
BRD/BTC,1541137669281,2018-11-02T05:47:49.281Z,buy,5.62e-05,98.0,0.0055076
BRD/BTC,1541137669308,2018-11-02T05:47:49.308Z,buy,5.62e-05,51.0,0.0028661999999999997
BRD/BTC,1541137744885,2018-11-02T05:49:04.885Z,sell,5.608e-05,460.0,0.025796799999999998
BRD/BTC,1541137744903,2018-11-02T05:49:04.903Z,sell,5.608e-05,34.0,0.00190672
BRD/BTC,1541137744903,2018-11-02T05:49:04.903Z,sell,5.608e-05,34.0,0.00190672
BRD/BTC,1541137880569,2018-11-02T05:51:20.569Z,buy,5.62e-05,183.0,0.0102846
BRD/BTC,1541138000589,2018-11-02T05:53:20.589Z,buy,5.621e-05,27.0,0.00151767
BRD/BTC,1541138044613,2018-11-02T05:54:04.613Z,buy,5.614e-05,232.0,0.01302448
BRD/BTC,1541138044633,2018-11-02T05:54:04.633Z,buy,5.62e-05,66.0,0.0037091999999999997
BRD/BTC,1541138044651,2018-11-02T05:54:04.651Z,buy,5.62e-05,182.0,0.0102284
BRD/BTC,1541138221658,2018-11-02T05:57:01.658Z,buy,5.62e-05,479.0,0.026919799999999997
BRD/BTC,1541138221669,2018-11-02T05:57:01.669Z,buy,5.62e-05,239.0,0.013431799999999999
BRD/BTC,1541138285789,2018-11-02T05:58:05.789Z,sell,5.612e-05,58.0,0.00325496
BRD/BTC,1541138285804,2018-11-02T05:58:05.804Z,sell,5.612e-05,246.0,0.01380552
BRD/BTC,1541138309863,2018-11-02T05:58:29.863Z,buy,5.621e-05,1008.0,0.05665968
BRD/BTC,1541138438980,2018-11-02T06:00:38.980Z,buy,5.644e-05,164.0,0.009256160000000001
BRD/BTC,1541138439006,2018-11-02T06:00:39.006Z,sell,5.644e-05,55.0,0.0031042
BRD/BTC,1541138508817,2018-11-02T06:01:48.817Z,buy,5.647e-05,2.0,0.00011294
BRD/BTC,1541138584725,2018-11-02T06:03:04.725Z,buy,5.632e-05,349.0,0.019655680000000002
BRD/BTC,1541138584735,2018-11-02T06:03:04.735Z,sell,5.618e-05,396.0,0.02224728
BRD/BTC,1541138584761,2018-11-02T06:03:04.761Z,sell,5.618e-05,343.0,0.01926974
BRD/BTC,1541138682265,2018-11-02T06:04:42.265Z,buy,5.646e-05,432.0,0.024390719999999998
BRD/BTC,1541138682278,2018-11-02T06:04:42.278Z,buy,5.646e-05,489.0,0.02760894
BRD/BTC,1541138774038,2018-11-02T06:06:14.038Z,sell,5.621e-05,165.0,0.00927465
BRD/BTC,1541138774038,2018-11-02T06:06:14.038Z,sell,5.62e-05,142.0,0.0079804
BRD/BTC,1541138774038,2018-11-02T06:06:14.038Z,sell,5.614e-05,326.0,0.01830164
BRD/BTC,1541138774038,2018-11-02T06:06:14.038Z,sell,5.613e-05,6856.0,0.38482728
BRD/BTC,1541138774067,2018-11-02T06:06:14.067Z,buy,5.647e-05,2.0,0.00011294
BRD/BTC,1541138942159,2018-11-02T06:09:02.159Z,buy,5.628e-05,203.0,0.01142484
BRD/BTC,1541138942169,2018-11-02T06:09:02.169Z,buy,5.642e-05,84.0,0.00473928
BRD/BTC,1541138983758,2018-11-02T06:09:43.758Z,buy,5.643e-05,165.0,0.00931095
BRD/BTC,1541138985574,2018-11-02T06:09:45.574Z,buy,5.644e-05,317.0,0.01789148
BRD/BTC,1541138987282,2018-11-02T06:09:47.282Z,buy,5.645e-05,49.0,0.0027660500000000004
BRD/BTC,1541139003109,2018-11-02T06:10:03.109Z,buy,5.645e-05,72.0,0.0040644
BRD/BTC,1541139004284,2018-11-02T06:10:04.284Z,sell,5.617e-05,246.0,0.01381782
BRD/BTC,1541139079886,2018-11-02T06:11:19.886Z,buy,5.644e-05,415.0,0.023422600000000002
BRD/BTC,1541139079906,2018-11-02T06:11:19.906Z,buy,5.644e-05,252.0,0.01422288
BRD/BTC,1541139185065,2018-11-02T06:13:05.065Z,sell,5.616e-05,43.0,0.00241488
BRD/BTC,1541139193490,2018-11-02T06:13:13.490Z,buy,5.629e-05,304.0,0.017112159999999998
BRD/BTC,1541139193505,2018-11-02T06:13:13.505Z,buy,5.644e-05,121.0,0.00682924
BRD/BTC,1541139245139,2018-11-02T06:14:05.139Z,buy,5.643e-05,165.0,0.00931095
BRD/BTC,1541139245157,2018-11-02T06:14:05.157Z,buy,5.643e-05,25.0,0.0014107500000000001
BRD/BTC,1541139360964,2018-11-02T06:16:00.964Z,sell,5.621e-05,126.0,0.00708246
BRD/BTC,1541139366137,2018-11-02T06:16:06.137Z,buy,5.642e-05,372.0,0.02098824
BRD/BTC,1541139366160,2018-11-02T06:16:06.160Z,buy,5.642e-05,73.0,0.00411866
BRD/BTC,1541139371871,2018-11-02T06:16:11.871Z,sell,5.621e-05,232.0,0.01304072
BRD/BTC,1541139472009,2018-11-02T06:17:52.009Z,sell,5.63e-05,361.0,0.0203243
BRD/BTC,1541139545052,2018-11-02T06:19:05.052Z,buy,5.641e-05,306.0,0.01726146
BRD/BTC,1541139595130,2018-11-02T06:19:55.130Z,sell,5.635e-05,500.0,0.028175000000000002
BRD/BTC,1541139613624,2018-11-02T06:20:13.624Z,buy,5.636e-05,1.0,5.636e-05
BRD/BTC,1541139663801,2018-11-02T06:21:03.801Z,buy,5.626e-05,724.0,0.04073224
BRD/BTC,1541139663813,2018-11-02T06:21:03.813Z,sell,5.617e-05,269.0,0.01510973
BRD/BTC,1541139663833,2018-11-02T06:21:03.833Z,sell,5.617e-05,394.0,0.022130979999999998
BRD/BTC,1541139725910,2018-11-02T06:22:05.910Z,buy,5.628e-05,345.0,0.019416600000000003
BRD/BTC,1541139725925,2018-11-02T06:22:05.925Z,sell,5.618e-05,449.0,0.025224820000000002
BRD/BTC,1541139725939,2018-11-02T06:22:05.939Z,sell,5.618e-05,137.0,0.00769666
BRD/BTC,1541139867032,2018-11-02T06:24:27.032Z,buy,5.637e-05,346.0,0.01950402
BRD/BTC,1541139867046,2018-11-02T06:24:27.046Z,buy,5.637e-05,396.0,0.02232252
BRD/BTC,1541139963743,2018-11-02T06:26:03.743Z,buy,5.641e-05,395.0,0.02228195
BRD/BTC,1541139963752,2018-11-02T06:26:03.752Z,buy,5.641e-05,355.0,0.02002555
BRD/BTC,1541139980330,2018-11-02T06:26:20.330Z,buy,5.641e-05,363.0,0.020476829999999998
BRD/BTC,1541140085862,2018-11-02T06:28:05.862Z,buy,5.641e-05,115.0,0.00648715
BRD/BTC,1541140085883,2018-11-02T06:28:05.883Z,buy,5.641e-05,186.0,0.01049226
BRD/BTC,1541140179693,2018-11-02T06:29:39.693Z,buy,5.628e-05,670.0,0.0377076
BRD/BTC,1541140179710,2018-11-02T06:29:39.710Z,buy,5.641e-05,190.0,0.010717899999999999
BRD/BTC,1541140179731,2018-11-02T06:29:39.731Z,buy,5.641e-05,441.0,0.02487681
BRD/BTC,1541140386126,2018-11-02T06:33:06.126Z,buy,5.639e-05,392.0,0.02210488
BRD/BTC,1541140386146,2018-11-02T06:33:06.146Z,buy,5.639e-05,397.0,0.02238683
BRD/BTC,1541140494526,2018-11-02T06:34:54.526Z,buy,5.629e-05,547.0,0.03079063
BRD/BTC,1541140494545,2018-11-02T06:34:54.545Z,sell,5.62e-05,344.0,0.0193328
BRD/BTC,1541140494566,2018-11-02T06:34:54.566Z,sell,5.62e-05,282.0,0.0158484
BRD/BTC,1541140683424,2018-11-02T06:38:03.424Z,buy,5.639e-05,1.0,5.639e-05
BRD/BTC,1541140743933,2018-11-02T06:39:03.933Z,sell,5.621e-05,333.0,0.01871793
BRD/BTC,1541140743942,2018-11-02T06:39:03.942Z,sell,5.621e-05,216.0,0.01214136
BRD/BTC,1541140881234,2018-11-02T06:41:21.234Z,buy,5.64e-05,353.0,0.019909200000000002
BRD/BTC,1541141105913,2018-11-02T06:45:05.913Z,buy,5.64e-05,167.0,0.0094188
BRD/BTC,1541141105932,2018-11-02T06:45:05.932Z,buy,5.64e-05,359.0,0.0202476
BRD/BTC,1541141162205,2018-11-02T06:46:02.205Z,buy,5.631e-05,313.0,0.01762503
BRD/BTC,1541141162211,2018-11-02T06:46:02.211Z,sell,5.621e-05,411.0,0.02310231
BRD/BTC,1541141162235,2018-11-02T06:46:02.235Z,sell,5.621e-05,257.0,0.014445969999999999
BRD/BTC,1541141187252,2018-11-02T06:46:27.252Z,sell,5.62e-05,45.0,0.002529
BRD/BTC,1541141248784,2018-11-02T06:47:28.784Z,buy,5.641e-05,177.0,0.00998457
BRD/BTC,1541141344046,2018-11-02T06:49:04.046Z,sell,5.623e-05,18.0,0.0010121400000000001
BRD/BTC,1541141344046,2018-11-02T06:49:04.046Z,sell,5.623e-05,18.0,0.0010121400000000001
BRD/BTC,1541141528304,2018-11-02T06:52:08.304Z,sell,5.624e-05,471.0,0.02648904
BRD/BTC,1541141704745,2018-11-02T06:55:04.745Z,buy,5.632e-05,146.0,0.008222720000000001
BRD/BTC,1541141704755,2018-11-02T06:55:04.755Z,buy,5.64e-05,153.0,0.0086292
BRD/BTC,1541141704763,2018-11-02T06:55:04.763Z,buy,5.64e-05,67.0,0.0037788
BRD/BTC,1541141911037,2018-11-02T06:58:31.037Z,buy,5.64e-05,203.0,0.0114492
BRD/BTC,1541142064158,2018-11-02T07:01:04.158Z,buy,5.633e-05,29.0,0.00163357
BRD/BTC,1541142064167,2018-11-02T07:01:04.167Z,buy,5.639e-05,18.0,0.00101502
BRD/BTC,1541142110048,2018-11-02T07:01:50.048Z,buy,5.64e-05,29.0,0.0016356
BRD/BTC,1541142219081,2018-11-02T07:03:39.081Z,buy,5.639e-05,388.0,0.02187932
BRD/BTC,1541142363667,2018-11-02T07:06:03.667Z,buy,5.632e-05,92.0,0.005181440000000001
BRD/BTC,1541142425618,2018-11-02T07:07:05.618Z,buy,5.63e-05,151.0,0.0085013
BRD/BTC,1541142425637,2018-11-02T07:07:05.637Z,buy,5.63e-05,64.0,0.0036032
BRD/BTC,1541142479848,2018-11-02T07:07:59.848Z,sell,5.624e-05,337.0,0.01895288
BRD/BTC,1541142479870,2018-11-02T07:07:59.870Z,sell,5.624e-05,182.0,0.010235679999999999
BRD/BTC,1541142481649,2018-11-02T07:08:01.649Z,sell,5.623e-05,3658.0,0.20568934
BRD/BTC,1541142482651,2018-11-02T07:08:02.651Z,sell,5.62e-05,28.0,0.0015735999999999999
BRD/BTC,1541142484650,2018-11-02T07:08:04.650Z,sell,5.618e-05,888.0,0.04988784
BRD/BTC,1541142604423,2018-11-02T07:10:04.423Z,sell,5.606e-05,123.0,0.00689538
BRD/BTC,1541142638257,2018-11-02T07:10:38.257Z,sell,5.606e-05,490.0,0.0274694
BRD/BTC,1541142638276,2018-11-02T07:10:38.276Z,sell,5.606e-05,139.0,0.00779234
BRD/BTC,1541142751962,2018-11-02T07:12:31.962Z,sell,5.607e-05,39.0,0.00218673
BRD/BTC,1541142786147,2018-11-02T07:13:06.147Z,buy,5.624e-05,438.0,0.024633119999999998
BRD/BTC,1541142947102,2018-11-02T07:15:47.102Z,buy,5.626e-05,94.0,0.00528844
BRD/BTC,1541142966079,2018-11-02T07:16:06.079Z,buy,5.627e-05,305.0,0.01716235
BRD/BTC,1541142966093,2018-11-02T07:16:06.093Z,buy,5.627e-05,60.0,0.0033762
BRD/BTC,1541143102620,2018-11-02T07:18:22.620Z,sell,5.608e-05,432.0,0.024226559999999998
BRD/BTC,1541143102633,2018-11-02T07:18:22.633Z,sell,5.608e-05,366.0,0.02052528
BRD/BTC,1541143244145,2018-11-02T07:20:44.145Z,buy,5.628e-05,1.0,5.628e-05
BRD/BTC,1541143264823,2018-11-02T07:21:04.823Z,buy,5.627e-05,66.0,0.00371382
BRD/BTC,1541143264842,2018-11-02T07:21:04.842Z,buy,5.627e-05,202.0,0.01136654
BRD/BTC,1541143391630,2018-11-02T07:23:11.630Z,sell,5.6e-05,140.0,0.00784
BRD/BTC,1541143470951,2018-11-02T07:24:30.951Z,buy,5.62e-05,171.0,0.0096102
BRD/BTC,1541143470963,2018-11-02T07:24:30.963Z,buy,5.62e-05,215.0,0.012083
BRD/BTC,1541143624325,2018-11-02T07:27:04.325Z,buy,5.612e-05,205.0,0.0115046
BRD/BTC,1541143624330,2018-11-02T07:27:04.330Z,buy,5.62e-05,100.0,0.00562
BRD/BTC,1541143624349,2018-11-02T07:27:04.349Z,buy,5.62e-05,201.0,0.0112962
BRD/BTC,1541143656338,2018-11-02T07:27:36.338Z,sell,5.605e-05,167.0,0.00936035
BRD/BTC,1541143656361,2018-11-02T07:27:36.361Z,sell,5.605e-05,41.0,0.00229805
BRD/BTC,1541143745727,2018-11-02T07:29:05.727Z,buy,5.612e-05,1133.0,0.06358396
BRD/BTC,1541143745741,2018-11-02T07:29:05.741Z,buy,5.62e-05,39.0,0.0021918
BRD/BTC,1541143745764,2018-11-02T07:29:05.764Z,buy,5.62e-05,391.0,0.0219742
BRD/BTC,1541143938463,2018-11-02T07:32:18.463Z,buy,5.617e-05,324.0,0.01819908
BRD/BTC,1541143938478,2018-11-02T07:32:18.478Z,buy,5.617e-05,394.0,0.022130979999999998
BRD/BTC,1541144165682,2018-11-02T07:36:05.682Z,sell,5.603e-05,289.0,0.01619267
BRD/BTC,1541144165697,2018-11-02T07:36:05.697Z,sell,5.603e-05,241.0,0.01350323
BRD/BTC,1541144218550,2018-11-02T07:36:58.550Z,sell,5.602e-05,1761.0,0.09865122
BRD/BTC,1541144338757,2018-11-02T07:38:58.757Z,buy,5.618e-05,194.0,0.01089892
BRD/BTC,1541144338793,2018-11-02T07:38:58.793Z,buy,5.618e-05,194.0,0.01089892
BRD/BTC,1541144338828,2018-11-02T07:38:58.828Z,buy,5.618e-05,168.0,0.00943824
