symbol,timestamp,datetime,side,price,amount,btc_volume
DLT/BTC,1534003231825,2018-08-11T16:00:31.825Z,buy,6.98e-06,250.0,0.001745
DLT/BTC,1534003302077,2018-08-11T16:01:42.077Z,sell,6.96e-06,15.0,0.0001044
DLT/BTC,1534003362066,2018-08-11T16:02:42.066Z,sell,6.96e-06,1483.0,0.01032168
DLT/BTC,1534003416367,2018-08-11T16:03:36.367Z,sell,6.89e-06,95.0,0.00065455
DLT/BTC,1534003642975,2018-08-11T16:07:22.975Z,sell,6.9e-06,15.0,0.0001035
DLT/BTC,1534003646193,2018-08-11T16:07:26.193Z,sell,6.89e-06,12.0,8.268e-05
DLT/BTC,1534003827484,2018-08-11T16:10:27.484Z,sell,6.89e-06,817.0,0.00562913
DLT/BTC,1534003827484,2018-08-11T16:10:27.484Z,sell,6.88e-06,979.0,0.00673552
DLT/BTC,1534004124212,2018-08-11T16:15:24.212Z,sell,6.83e-06,485.0,0.00331255
DLT/BTC,1534004126221,2018-08-11T16:15:26.221Z,buy,6.9e-06,22.0,0.0001518
DLT/BTC,1534004127139,2018-08-11T16:15:27.139Z,sell,6.82e-06,25.0,0.0001705
DLT/BTC,1534004351765,2018-08-11T16:19:11.765Z,sell,6.82e-06,2891.0,0.01971662
DLT/BTC,1534004352341,2018-08-11T16:19:12.341Z,buy,6.82e-06,1471.0,0.01003222
DLT/BTC,1534004356663,2018-08-11T16:19:16.663Z,sell,6.81e-06,294.0,0.00200214
DLT/BTC,1534004387268,2018-08-11T16:19:47.268Z,buy,6.82e-06,86.0,0.00058652
DLT/BTC,1534004389223,2018-08-11T16:19:49.223Z,buy,6.82e-06,80.0,0.0005456
DLT/BTC,1534004404305,2018-08-11T16:20:04.305Z,sell,6.81e-06,2937.0,0.02000097
DLT/BTC,1534004440190,2018-08-11T16:20:40.190Z,buy,6.82e-06,29321.0,0.19996922
DLT/BTC,1534004476602,2018-08-11T16:21:16.602Z,buy,6.91e-06,6.0,4.146e-05
DLT/BTC,1534004492414,2018-08-11T16:21:32.414Z,buy,6.91e-06,778.0,0.00537598
DLT/BTC,1534004588721,2018-08-11T16:23:08.721Z,buy,6.89e-06,1836.0,0.01265004
DLT/BTC,1534004691454,2018-08-11T16:24:51.454Z,buy,6.89e-06,263.0,0.00181207
DLT/BTC,1534004691454,2018-08-11T16:24:51.454Z,buy,6.91e-06,16.0,0.00011056
DLT/BTC,1534004946574,2018-08-11T16:29:06.574Z,sell,6.86e-06,1238.0,0.00849268
DLT/BTC,1534005048379,2018-08-11T16:30:48.379Z,sell,6.86e-06,3.0,2.0580000000000003e-05
DLT/BTC,1534005260804,2018-08-11T16:34:20.804Z,sell,6.86e-06,867.0,0.005947620000000001
DLT/BTC,1534005260804,2018-08-11T16:34:20.804Z,sell,6.82e-06,31.0,0.00021142
DLT/BTC,1534005260813,2018-08-11T16:34:20.813Z,sell,6.82e-06,736.0,0.0050195199999999995
DLT/BTC,1534005292820,2018-08-11T16:34:52.820Z,buy,6.84e-06,423.0,0.00289332
DLT/BTC,1534005295100,2018-08-11T16:34:55.100Z,buy,6.84e-06,151.0,0.00103284
DLT/BTC,1534005297962,2018-08-11T16:34:57.962Z,buy,6.84e-06,327.0,0.00223668
DLT/BTC,1534005299732,2018-08-11T16:34:59.732Z,buy,6.83e-06,442.0,0.00301886
DLT/BTC,1534005302269,2018-08-11T16:35:02.269Z,buy,6.84e-06,255.0,0.0017442
DLT/BTC,1534005302671,2018-08-11T16:35:02.671Z,sell,6.81e-06,338.0,0.00230178
DLT/BTC,1534005303685,2018-08-11T16:35:03.685Z,buy,6.84e-06,345.0,0.0023598
DLT/BTC,1534005305365,2018-08-11T16:35:05.365Z,buy,6.84e-06,468.0,0.00320112
DLT/BTC,1534005306367,2018-08-11T16:35:06.367Z,buy,6.84e-06,299.0,0.00204516
DLT/BTC,1534005311058,2018-08-11T16:35:11.058Z,buy,6.83e-06,149.0,0.00101767
DLT/BTC,1534005457627,2018-08-11T16:37:37.627Z,sell,6.81e-06,325.0,0.00221325
DLT/BTC,1534005463099,2018-08-11T16:37:43.099Z,buy,6.82e-06,11221.0,0.07652721999999999
DLT/BTC,1534005819099,2018-08-11T16:43:39.099Z,buy,6.82e-06,5.0,3.41e-05
DLT/BTC,1534005847937,2018-08-11T16:44:07.937Z,sell,6.81e-06,1771.0,0.01206051
DLT/BTC,1534006065511,2018-08-11T16:47:45.511Z,sell,6.78e-06,1486.0,0.01007508
DLT/BTC,1534006065511,2018-08-11T16:47:45.511Z,sell,6.77e-06,735.0,0.004975950000000001
DLT/BTC,1534006074527,2018-08-11T16:47:54.527Z,buy,6.79e-06,10.0,6.79e-05
DLT/BTC,1534006100810,2018-08-11T16:48:20.810Z,sell,6.77e-06,299.0,0.00202423
DLT/BTC,1534006100899,2018-08-11T16:48:20.899Z,sell,6.77e-06,299.0,0.00202423
DLT/BTC,1534006238570,2018-08-11T16:50:38.570Z,buy,6.79e-06,18.0,0.00012222
DLT/BTC,1534006302306,2018-08-11T16:51:42.306Z,buy,6.79e-06,546.0,0.00370734
DLT/BTC,1534006431881,2018-08-11T16:53:51.881Z,sell,6.77e-06,127.0,0.00085979
DLT/BTC,1534006482263,2018-08-11T16:54:42.263Z,buy,6.79e-06,131.0,0.00088949
DLT/BTC,1534006485278,2018-08-11T16:54:45.278Z,buy,6.79e-06,1.0,6.79e-06
DLT/BTC,1534006646924,2018-08-11T16:57:26.924Z,buy,6.79e-06,789.0,0.0053573100000000005
DLT/BTC,1534006654705,2018-08-11T16:57:34.705Z,sell,6.79e-06,577.0,0.00391783
DLT/BTC,1534006714320,2018-08-11T16:58:34.320Z,buy,6.82e-06,849.0,0.00579018
DLT/BTC,1534006714320,2018-08-11T16:58:34.320Z,buy,6.83e-06,2010.0,0.013728299999999999
DLT/BTC,1534006714320,2018-08-11T16:58:34.320Z,buy,6.84e-06,294.0,0.00201096
DLT/BTC,1534006714338,2018-08-11T16:58:34.338Z,sell,6.9e-06,900.0,0.00621
DLT/BTC,1534006714353,2018-08-11T16:58:34.353Z,sell,6.9e-06,5806.0,0.0400614
DLT/BTC,1534006714360,2018-08-11T16:58:34.360Z,sell,6.9e-06,1234.0,0.0085146
DLT/BTC,1534006714581,2018-08-11T16:58:34.581Z,sell,6.9e-06,151.0,0.0010419
DLT/BTC,1534006714581,2018-08-11T16:58:34.581Z,sell,6.9e-06,151.0,0.0010419
DLT/BTC,1534006800810,2018-08-11T17:00:00.810Z,sell,6.9e-06,269.0,0.0018561
DLT/BTC,1534007084529,2018-08-11T17:04:44.529Z,buy,6.91e-06,442.0,0.00305422
DLT/BTC,1534007111485,2018-08-11T17:05:11.485Z,buy,6.93e-06,681.0,0.00471933
DLT/BTC,1534007179426,2018-08-11T17:06:19.426Z,buy,6.98e-06,649.0,0.00453002
DLT/BTC,1534007179426,2018-08-11T17:06:19.426Z,buy,6.99e-06,3501.0,0.02447199
DLT/BTC,1534007179426,2018-08-11T17:06:19.426Z,buy,7e-06,9232.0,0.064624
DLT/BTC,1534007179426,2018-08-11T17:06:19.426Z,buy,7.09e-06,152.0,0.00107768
DLT/BTC,1534007179426,2018-08-11T17:06:19.426Z,buy,7.1e-06,11489.0,0.0815719
DLT/BTC,1534007179426,2018-08-11T17:06:19.426Z,buy,7.11e-06,1690.0,0.0120159
DLT/BTC,1534007194478,2018-08-11T17:06:34.478Z,sell,7.03e-06,1471.0,0.010341129999999999
DLT/BTC,1534007218721,2018-08-11T17:06:58.721Z,sell,7.03e-06,158.0,0.00111074
DLT/BTC,1534007292821,2018-08-11T17:08:12.821Z,sell,7.05e-06,33.0,0.00023265000000000002
DLT/BTC,1534007414642,2018-08-11T17:10:14.642Z,sell,7.04e-06,144.0,0.00101376
DLT/BTC,1534007415163,2018-08-11T17:10:15.163Z,sell,7.04e-06,144.0,0.00101376
DLT/BTC,1534007477688,2018-08-11T17:11:17.688Z,sell,7.04e-06,2356.0,0.016586240000000002
DLT/BTC,1534007478568,2018-08-11T17:11:18.568Z,sell,7.03e-06,2022.0,0.014214659999999999
DLT/BTC,1534007489994,2018-08-11T17:11:29.994Z,sell,7.01e-06,2840.0,0.0199084
DLT/BTC,1534007490891,2018-08-11T17:11:30.891Z,sell,6.98e-06,442.0,0.00308516
DLT/BTC,1534007695875,2018-08-11T17:14:55.875Z,buy,6.97e-06,334.0,0.00232798
DLT/BTC,1534007747519,2018-08-11T17:15:47.519Z,buy,6.98e-06,416.0,0.00290368
DLT/BTC,1534007749227,2018-08-11T17:15:49.227Z,sell,6.98e-06,67.0,0.00046766
DLT/BTC,1534007749227,2018-08-11T17:15:49.227Z,sell,6.96e-06,151.0,0.00105096
DLT/BTC,1534007782090,2018-08-11T17:16:22.090Z,buy,6.96e-06,5282.0,0.03676272
DLT/BTC,1534007784658,2018-08-11T17:16:24.658Z,sell,6.94e-06,2384.0,0.016544959999999997
DLT/BTC,1534007784735,2018-08-11T17:16:24.735Z,sell,6.93e-06,300.0,0.002079
DLT/BTC,1534007977274,2018-08-11T17:19:37.274Z,buy,6.98e-06,1432.0,0.00999536
DLT/BTC,1534007978788,2018-08-11T17:19:38.788Z,buy,6.98e-06,455.0,0.0031759
DLT/BTC,1534008117197,2018-08-11T17:21:57.197Z,buy,6.97e-06,797.0,0.00555509
DLT/BTC,1534008159244,2018-08-11T17:22:39.244Z,sell,6.97e-06,1970.0,0.0137309
DLT/BTC,1534008164388,2018-08-11T17:22:44.388Z,sell,6.95e-06,4.0,2.78e-05
DLT/BTC,1534008182466,2018-08-11T17:23:02.466Z,buy,6.97e-06,226.0,0.00157522
DLT/BTC,1534008372589,2018-08-11T17:26:12.589Z,buy,6.97e-06,199.0,0.00138703
DLT/BTC,1534008373128,2018-08-11T17:26:13.128Z,buy,7e-06,1961.0,0.013727
DLT/BTC,1534008413138,2018-08-11T17:26:53.138Z,buy,7.02e-06,928.0,0.00651456
DLT/BTC,1534008415135,2018-08-11T17:26:55.135Z,buy,7.03e-06,442.0,0.0031072599999999997
DLT/BTC,1534008532936,2018-08-11T17:28:52.936Z,buy,7.06e-06,726.0,0.00512556
DLT/BTC,1534008534009,2018-08-11T17:28:54.009Z,buy,7.06e-06,199.0,0.0014049400000000001
DLT/BTC,1534008543336,2018-08-11T17:29:03.336Z,sell,7.07e-06,1727.0,0.01220989
DLT/BTC,1534008543810,2018-08-11T17:29:03.810Z,buy,7.12e-06,295.0,0.0021003999999999997
DLT/BTC,1534008543837,2018-08-11T17:29:03.837Z,sell,7.12e-06,288.0,0.00205056
DLT/BTC,1534008583461,2018-08-11T17:29:43.461Z,sell,7.15e-06,1458.0,0.0104247
DLT/BTC,1534008603695,2018-08-11T17:30:03.695Z,sell,7.11e-06,93.0,0.00066123
DLT/BTC,1534008604510,2018-08-11T17:30:04.510Z,sell,7.11e-06,92.0,0.00065412
DLT/BTC,1534008764922,2018-08-11T17:32:44.922Z,buy,7.17e-06,529.0,0.00379293
DLT/BTC,1534008765951,2018-08-11T17:32:45.951Z,sell,7.12e-06,14.0,9.968e-05
DLT/BTC,1534008766522,2018-08-11T17:32:46.522Z,sell,7.12e-06,10.0,7.12e-05
DLT/BTC,1534008802026,2018-08-11T17:33:22.026Z,buy,7.17e-06,193.0,0.00138381
DLT/BTC,1534008810987,2018-08-11T17:33:30.987Z,sell,7.11e-06,963.0,0.006846929999999999
DLT/BTC,1534009015766,2018-08-11T17:36:55.766Z,buy,7.14e-06,166.0,0.00118524
DLT/BTC,1534009058419,2018-08-11T17:37:38.419Z,buy,7.14e-06,4065.0,0.0290241
DLT/BTC,1534009059169,2018-08-11T17:37:39.169Z,buy,7.17e-06,24.0,0.00017208
DLT/BTC,1534009059169,2018-08-11T17:37:39.169Z,buy,7.18e-06,151.0,0.00108418
DLT/BTC,1534009059169,2018-08-11T17:37:39.169Z,buy,7.22e-06,1.0,7.22e-06
DLT/BTC,1534009059169,2018-08-11T17:37:39.169Z,buy,7.25e-06,3.0,2.175e-05
DLT/BTC,1534009130122,2018-08-11T17:38:50.122Z,buy,7.22e-06,728.0,0.00525616
DLT/BTC,1534009163236,2018-08-11T17:39:23.236Z,sell,7.16e-06,583.0,0.00417428
DLT/BTC,1534009164858,2018-08-11T17:39:24.858Z,sell,7.16e-06,455.0,0.0032578
DLT/BTC,1534009165119,2018-08-11T17:39:25.119Z,sell,7.16e-06,483.0,0.00345828
DLT/BTC,1534009165266,2018-08-11T17:39:25.266Z,sell,7.16e-06,396.0,0.00283536
DLT/BTC,1534009166583,2018-08-11T17:39:26.583Z,sell,7.15e-06,681.0,0.00486915
DLT/BTC,1534009198443,2018-08-11T17:39:58.443Z,buy,7.14e-06,2849.0,0.02034186
DLT/BTC,1534009205648,2018-08-11T17:40:05.648Z,sell,7.13e-06,330.0,0.0023529000000000002
DLT/BTC,1534009217770,2018-08-11T17:40:17.770Z,sell,7.11e-06,279.0,0.0019836899999999998
DLT/BTC,1534009227178,2018-08-11T17:40:27.178Z,sell,7.11e-06,1432.0,0.01018152
DLT/BTC,1534009245629,2018-08-11T17:40:45.629Z,buy,7.11e-06,505.0,0.0035905499999999996
DLT/BTC,1534009255837,2018-08-11T17:40:55.837Z,sell,7.08e-06,871.0,0.00616668
DLT/BTC,1534009255837,2018-08-11T17:40:55.837Z,sell,7.07e-06,576.0,0.00407232
DLT/BTC,1534009271464,2018-08-11T17:41:11.464Z,buy,7.12e-06,308.0,0.00219296
DLT/BTC,1534009276374,2018-08-11T17:41:16.374Z,buy,7.12e-06,469.0,0.00333928
DLT/BTC,1534009278247,2018-08-11T17:41:18.247Z,buy,7.12e-06,94.0,0.00066928
DLT/BTC,1534009323795,2018-08-11T17:42:03.795Z,buy,7.23e-06,290.0,0.0020967
DLT/BTC,1534009323795,2018-08-11T17:42:03.795Z,buy,7.24e-06,131.0,0.00094844
DLT/BTC,1534009324756,2018-08-11T17:42:04.756Z,sell,7.13e-06,469.0,0.0033439700000000004
DLT/BTC,1534009549832,2018-08-11T17:45:49.832Z,buy,7.15e-06,469.0,0.00335335
DLT/BTC,1534009549832,2018-08-11T17:45:49.832Z,buy,7.24e-06,23.0,0.00016652
DLT/BTC,1534009549832,2018-08-11T17:45:49.832Z,buy,7.28e-06,116.0,0.00084448
DLT/BTC,1534009553450,2018-08-11T17:45:53.450Z,sell,7.12e-06,308.0,0.00219296
DLT/BTC,1534009565006,2018-08-11T17:46:05.006Z,sell,7.14e-06,167.0,0.00119238
DLT/BTC,1534009624290,2018-08-11T17:47:04.290Z,sell,7.01e-06,284.0,0.00199084
DLT/BTC,1534009624290,2018-08-11T17:47:04.290Z,sell,6.97e-06,64.0,0.00044608
DLT/BTC,1534009628834,2018-08-11T17:47:08.834Z,buy,7.03e-06,9.0,6.327e-05
DLT/BTC,1534009629349,2018-08-11T17:47:09.349Z,sell,6.99e-06,9.0,6.291e-05
DLT/BTC,1534009629840,2018-08-11T17:47:09.840Z,buy,7.02e-06,158.0,0.0011091599999999999
DLT/BTC,1534009638788,2018-08-11T17:47:18.788Z,buy,7.05e-06,207.0,0.00145935
DLT/BTC,1534009690621,2018-08-11T17:48:10.621Z,sell,7.06e-06,284.0,0.00200504
DLT/BTC,1534009692947,2018-08-11T17:48:12.947Z,buy,7.25e-06,235.0,0.00170375
DLT/BTC,1534009709133,2018-08-11T17:48:29.133Z,sell,7.11e-06,357.0,0.00253827
DLT/BTC,1534009709900,2018-08-11T17:48:29.900Z,sell,7.1e-06,284.0,0.0020164
DLT/BTC,1534009746860,2018-08-11T17:49:06.860Z,buy,7.14e-06,284.0,0.00202776
DLT/BTC,1534009832923,2018-08-11T17:50:32.923Z,sell,7.12e-06,329.0,0.00234248
DLT/BTC,1534009894490,2018-08-11T17:51:34.490Z,sell,7.12e-06,50.0,0.000356
DLT/BTC,1534009937504,2018-08-11T17:52:17.504Z,sell,7.12e-06,100.0,0.000712
DLT/BTC,1534009999680,2018-08-11T17:53:19.680Z,sell,7.12e-06,19.0,0.00013528
DLT/BTC,1534010039376,2018-08-11T17:53:59.376Z,sell,7.13e-06,25.0,0.00017825
DLT/BTC,1534010263582,2018-08-11T17:57:43.582Z,sell,7.12e-06,100.0,0.000712
DLT/BTC,1534010287976,2018-08-11T17:58:07.976Z,sell,7.13e-06,25.0,0.00017825
DLT/BTC,1534010287976,2018-08-11T17:58:07.976Z,sell,7.13e-06,25.0,0.00017825
DLT/BTC,1534010458291,2018-08-11T18:00:58.291Z,buy,7.18e-06,217.0,0.00155806
DLT/BTC,1534010501715,2018-08-11T18:01:41.715Z,buy,7.18e-06,257.0,0.00184526
DLT/BTC,1534010966190,2018-08-11T18:09:26.190Z,sell,7.14e-06,25.0,0.0001785
DLT/BTC,1534010980592,2018-08-11T18:09:40.592Z,buy,7.18e-06,4.0,2.872e-05
DLT/BTC,1534011047680,2018-08-11T18:10:47.680Z,buy,7.18e-06,26.0,0.00018668
DLT/BTC,1534011047680,2018-08-11T18:10:47.680Z,buy,7.19e-06,1929.0,0.01386951
DLT/BTC,1534011047680,2018-08-11T18:10:47.680Z,buy,7.2e-06,1252.0,0.009014399999999999
DLT/BTC,1534011065810,2018-08-11T18:11:05.810Z,buy,7.21e-06,357.0,0.0025739699999999996
DLT/BTC,1534011077849,2018-08-11T18:11:17.849Z,sell,7.21e-06,318.0,0.00229278
DLT/BTC,1534011201527,2018-08-11T18:13:21.527Z,sell,7.21e-06,310.0,0.0022351
DLT/BTC,1534011247922,2018-08-11T18:14:07.922Z,sell,7.21e-06,263.0,0.0018962299999999998
DLT/BTC,1534011287627,2018-08-11T18:14:47.627Z,buy,7.25e-06,381.0,0.00276225
DLT/BTC,1534011477830,2018-08-11T18:17:57.830Z,sell,7.21e-06,25.0,0.00018025
DLT/BTC,1534011588312,2018-08-11T18:19:48.312Z,sell,7.21e-06,372.0,0.0026821199999999996
DLT/BTC,1534011588893,2018-08-11T18:19:48.893Z,sell,7.21e-06,354.0,0.0025523399999999997
DLT/BTC,1534011736490,2018-08-11T18:22:16.490Z,sell,7.22e-06,8.0,5.776e-05
DLT/BTC,1534011848599,2018-08-11T18:24:08.599Z,sell,7.22e-06,287.0,0.00207214
DLT/BTC,1534011923912,2018-08-11T18:25:23.912Z,sell,7.22e-06,7611.0,0.05495142
DLT/BTC,1534011923937,2018-08-11T18:25:23.937Z,buy,7.22e-06,839.0,0.00605758
DLT/BTC,1534011927288,2018-08-11T18:25:27.288Z,sell,7.2e-06,490.0,0.003528
DLT/BTC,1534011950245,2018-08-11T18:25:50.245Z,sell,7.2e-06,22831.0,0.16438319999999998
DLT/BTC,1534012108077,2018-08-11T18:28:28.077Z,sell,7.2e-06,800.0,0.0057599999999999995
DLT/BTC,1534012192040,2018-08-11T18:29:52.040Z,buy,7.21e-06,419.0,0.00302099
DLT/BTC,1534012270377,2018-08-11T18:31:10.377Z,buy,7.21e-06,481.0,0.0034680099999999997
DLT/BTC,1534012309010,2018-08-11T18:31:49.010Z,buy,7.21e-06,198.0,0.00142758
DLT/BTC,1534012506123,2018-08-11T18:35:06.123Z,buy,7.21e-06,226.0,0.00162946
DLT/BTC,1534012506123,2018-08-11T18:35:06.123Z,buy,7.22e-06,140.0,0.0010108
DLT/BTC,1534012513837,2018-08-11T18:35:13.837Z,buy,7.22e-06,1385.0,0.0099997
DLT/BTC,1534012623225,2018-08-11T18:37:03.225Z,buy,7.22e-06,384.0,0.00277248
DLT/BTC,1534012684240,2018-08-11T18:38:04.240Z,buy,7.22e-06,277.0,0.00199994
DLT/BTC,1534012733084,2018-08-11T18:38:53.084Z,sell,7.2e-06,422.0,0.0030383999999999997
DLT/BTC,1534012883414,2018-08-11T18:41:23.414Z,buy,7.22e-06,230.0,0.0016606000000000001
DLT/BTC,1534013006462,2018-08-11T18:43:26.462Z,buy,7.22e-06,216.0,0.00155952
DLT/BTC,1534013066093,2018-08-11T18:44:26.093Z,sell,7.2e-06,12.0,8.64e-05
DLT/BTC,1534013072598,2018-08-11T18:44:32.598Z,sell,7.2e-06,187.0,0.0013464
DLT/BTC,1534013098173,2018-08-11T18:44:58.173Z,buy,7.22e-06,432.0,0.00311904
DLT/BTC,1534013122337,2018-08-11T18:45:22.337Z,buy,7.22e-06,11317.0,0.08170874
DLT/BTC,1534013251828,2018-08-11T18:47:31.828Z,buy,7.26e-06,186.0,0.0013503599999999999
DLT/BTC,1534013388689,2018-08-11T18:49:48.689Z,buy,7.26e-06,191.0,0.00138666
DLT/BTC,1534013429932,2018-08-11T18:50:29.932Z,sell,7.22e-06,34.0,0.00024548
DLT/BTC,1534013486673,2018-08-11T18:51:26.673Z,buy,7.26e-06,382.0,0.00277332
DLT/BTC,1534013498325,2018-08-11T18:51:38.325Z,sell,7.22e-06,9.0,6.498e-05
DLT/BTC,1534013567381,2018-08-11T18:52:47.381Z,buy,7.26e-06,172.0,0.00124872
DLT/BTC,1534013634463,2018-08-11T18:53:54.463Z,buy,7.26e-06,181.0,0.00131406
DLT/BTC,1534013723659,2018-08-11T18:55:23.659Z,buy,7.26e-06,765.0,0.0055539
DLT/BTC,1534013759542,2018-08-11T18:55:59.542Z,buy,7.26e-06,241.0,0.0017496599999999999
DLT/BTC,1534013759542,2018-08-11T18:55:59.542Z,buy,7.28e-06,84.0,0.0006115199999999999
DLT/BTC,1534013759542,2018-08-11T18:55:59.542Z,buy,7.29e-06,399.0,0.0029087099999999997
DLT/BTC,1534013759542,2018-08-11T18:55:59.542Z,buy,7.26e-06,241.0,0.0017496599999999999
DLT/BTC,1534013759542,2018-08-11T18:55:59.542Z,buy,7.28e-06,84.0,0.0006115199999999999
DLT/BTC,1534013759542,2018-08-11T18:55:59.542Z,buy,7.29e-06,399.0,0.0029087099999999997
DLT/BTC,1534014011381,2018-08-11T19:00:11.381Z,buy,7.26e-06,278.0,0.00201828
DLT/BTC,1534014011381,2018-08-11T19:00:11.381Z,buy,7.28e-06,509.0,0.00370552
DLT/BTC,1534014120294,2018-08-11T19:02:00.294Z,buy,7.28e-06,1076.0,0.00783328
DLT/BTC,1534014163505,2018-08-11T19:02:43.505Z,buy,7.28e-06,321.0,0.00233688
DLT/BTC,1534014163505,2018-08-11T19:02:43.505Z,buy,7.3e-06,60.0,0.000438
DLT/BTC,1534014326917,2018-08-11T19:05:26.917Z,buy,7.3e-06,167.0,0.0012191
DLT/BTC,1534014387166,2018-08-11T19:06:27.166Z,buy,7.3e-06,333.0,0.0024309
DLT/BTC,1534014560380,2018-08-11T19:09:20.380Z,sell,7.24e-06,10.0,7.24e-05
DLT/BTC,1534014598207,2018-08-11T19:09:58.207Z,sell,7.24e-06,25.0,0.000181
DLT/BTC,1534015212976,2018-08-11T19:20:12.976Z,sell,7.24e-06,70.0,0.0005068
DLT/BTC,1534015480575,2018-08-11T19:24:40.575Z,sell,7.24e-06,1670.0,0.0120908
DLT/BTC,1534015480575,2018-08-11T19:24:40.575Z,sell,7.21e-06,1383.0,0.00997143
DLT/BTC,1534015480575,2018-08-11T19:24:40.575Z,sell,7.2e-06,23905.0,0.172116
DLT/BTC,1534015506333,2018-08-11T19:25:06.333Z,sell,7.23e-06,163.0,0.0011784900000000001
DLT/BTC,1534015885464,2018-08-11T19:31:25.464Z,sell,7.2e-06,1.0,7.2e-06
DLT/BTC,1534016516229,2018-08-11T19:41:56.229Z,buy,7.23e-06,61.0,0.00044103
DLT/BTC,1534016666115,2018-08-11T19:44:26.115Z,sell,7.21e-06,2.0,1.442e-05
DLT/BTC,1534017023048,2018-08-11T19:50:23.048Z,buy,7.25e-06,6.0,4.35e-05
DLT/BTC,1534017304918,2018-08-11T19:55:04.918Z,sell,7.21e-06,185.0,0.00133385
DLT/BTC,1534017304918,2018-08-11T19:55:04.918Z,sell,7.21e-06,185.0,0.00133385
DLT/BTC,1534017886785,2018-08-11T20:04:46.785Z,sell,7.2e-06,125.0,0.0009
DLT/BTC,1534017940056,2018-08-11T20:05:40.056Z,sell,7.2e-06,1500.0,0.010799999999999999
DLT/BTC,1534018040467,2018-08-11T20:07:20.467Z,buy,7.22e-06,1.0,7.22e-06
DLT/BTC,1534018513696,2018-08-11T20:15:13.696Z,buy,7.22e-06,270.0,0.0019494
DLT/BTC,1534019202734,2018-08-11T20:26:42.734Z,buy,7.24e-06,187.0,0.00135388
DLT/BTC,1534019202734,2018-08-11T20:26:42.734Z,buy,7.25e-06,1018.0,0.0073805
DLT/BTC,1534019254586,2018-08-11T20:27:34.586Z,buy,7.25e-06,748.0,0.005423
DLT/BTC,1534019391561,2018-08-11T20:29:51.561Z,sell,7.25e-06,1.0,7.25e-06
DLT/BTC,1534019842679,2018-08-11T20:37:22.679Z,sell,7.25e-06,2050.0,0.0148625
DLT/BTC,1534020109344,2018-08-11T20:41:49.344Z,buy,7.26e-06,1000.0,0.00726
DLT/BTC,1534020136058,2018-08-11T20:42:16.058Z,buy,7.26e-06,565.0,0.0041019
DLT/BTC,1534020266711,2018-08-11T20:44:26.711Z,sell,7.26e-06,3.0,2.1779999999999998e-05
DLT/BTC,1534020655498,2018-08-11T20:50:55.498Z,sell,7.26e-06,7.0,5.082e-05
DLT/BTC,1534020659301,2018-08-11T20:50:59.301Z,sell,7.26e-06,21.0,0.00015246
DLT/BTC,1534020672380,2018-08-11T20:51:12.380Z,buy,7.27e-06,500.0,0.0036349999999999998
DLT/BTC,1534020687052,2018-08-11T20:51:27.052Z,sell,7.27e-06,151.0,0.00109777
DLT/BTC,1534020690700,2018-08-11T20:51:30.700Z,sell,7.22e-06,207.0,0.0014945400000000001
DLT/BTC,1534020690700,2018-08-11T20:51:30.700Z,sell,7.22e-06,207.0,0.0014945400000000001
DLT/BTC,1534021065593,2018-08-11T20:57:45.593Z,sell,7.23e-06,1954.0,0.01412742
DLT/BTC,1534021065593,2018-08-11T20:57:45.593Z,sell,7.22e-06,20000.0,0.1444
DLT/BTC,1534021081034,2018-08-11T20:58:01.034Z,sell,7.2e-06,1416.0,0.0101952
DLT/BTC,1534021438339,2018-08-11T21:03:58.339Z,sell,7.2e-06,657.0,0.0047304
DLT/BTC,1534021517631,2018-08-11T21:05:17.631Z,buy,7.21e-06,1594.0,0.01149274
DLT/BTC,1534021694895,2018-08-11T21:08:14.895Z,buy,7.21e-06,1.0,7.21e-06
DLT/BTC,1534021708874,2018-08-11T21:08:28.874Z,sell,7.2e-06,1488.0,0.0107136
DLT/BTC,1534021774483,2018-08-11T21:09:34.483Z,sell,7.2e-06,1003.0,0.0072216
DLT/BTC,1534021774486,2018-08-11T21:09:34.486Z,sell,7.2e-06,990.0,0.007128
DLT/BTC,1534021774508,2018-08-11T21:09:34.508Z,sell,7.2e-06,1.0,7.2e-06
DLT/BTC,1534021848861,2018-08-11T21:10:48.861Z,sell,7.2e-06,10011.0,0.0720792
DLT/BTC,1534021934453,2018-08-11T21:12:14.453Z,sell,7.2e-06,2627.0,0.018914399999999998
DLT/BTC,1534021940421,2018-08-11T21:12:20.421Z,sell,7.2e-06,112.0,0.0008064
DLT/BTC,1534021945361,2018-08-11T21:12:25.361Z,buy,7.18e-06,1498.0,0.01075564
DLT/BTC,1534021950973,2018-08-11T21:12:30.973Z,buy,7.19e-06,1000.0,0.007189999999999999
DLT/BTC,1534021951310,2018-08-11T21:12:31.310Z,buy,7.18e-06,855.0,0.0061389
DLT/BTC,1534021960023,2018-08-11T21:12:40.023Z,buy,7.19e-06,359.0,0.00258121
DLT/BTC,1534021983320,2018-08-11T21:13:03.320Z,sell,7.17e-06,563.0,0.00403671
DLT/BTC,1534022612380,2018-08-11T21:23:32.380Z,buy,7.23e-06,3.0,2.169e-05
DLT/BTC,1534022640633,2018-08-11T21:24:00.633Z,sell,7.16e-06,98.0,0.00070168
DLT/BTC,1534022643023,2018-08-11T21:24:03.023Z,sell,7.16e-06,39.0,0.00027924
DLT/BTC,1534022646107,2018-08-11T21:24:06.107Z,sell,7.16e-06,113.0,0.00080908
DLT/BTC,1534022646867,2018-08-11T21:24:06.867Z,buy,7.22e-06,1.0,7.22e-06
DLT/BTC,1534022649020,2018-08-11T21:24:09.020Z,sell,7.14e-06,48.0,0.00034272
DLT/BTC,1534022651590,2018-08-11T21:24:11.590Z,sell,7.16e-06,98.0,0.00070168
DLT/BTC,1534022655931,2018-08-11T21:24:15.931Z,sell,7.17e-06,61.0,0.00043737
DLT/BTC,1534022660161,2018-08-11T21:24:20.161Z,sell,7.17e-06,74.0,0.00053058
DLT/BTC,1534022663421,2018-08-11T21:24:23.421Z,sell,7.17e-06,55.0,0.00039435
DLT/BTC,1534022667837,2018-08-11T21:24:27.837Z,sell,7.17e-06,56.0,0.00040152
DLT/BTC,1534022669321,2018-08-11T21:24:29.321Z,sell,7.17e-06,84.0,0.00060228
DLT/BTC,1534022670623,2018-08-11T21:24:30.623Z,sell,7.17e-06,88.0,0.00063096
DLT/BTC,1534022670623,2018-08-11T21:24:30.623Z,sell,7.14e-06,33.0,0.00023562
DLT/BTC,1534022673273,2018-08-11T21:24:33.273Z,sell,7.16e-06,75.0,0.000537
DLT/BTC,1534022674889,2018-08-11T21:24:34.889Z,sell,7.16e-06,55.0,0.0003938
DLT/BTC,1534022677081,2018-08-11T21:24:37.081Z,sell,7.16e-06,320.0,0.0022912
DLT/BTC,1534022680255,2018-08-11T21:24:40.255Z,sell,7.16e-06,73.0,0.00052268
DLT/BTC,1534022682787,2018-08-11T21:24:42.787Z,sell,7.16e-06,68.0,0.00048688000000000003
DLT/BTC,1534022685149,2018-08-11T21:24:45.149Z,sell,7.16e-06,198.0,0.00141768
DLT/BTC,1534022689262,2018-08-11T21:24:49.262Z,sell,7.16e-06,68.0,0.00048688000000000003
DLT/BTC,1534022691610,2018-08-11T21:24:51.610Z,sell,7.16e-06,206.0,0.00147496
DLT/BTC,1534022692070,2018-08-11T21:24:52.070Z,sell,7.16e-06,34.0,0.00024344000000000001
DLT/BTC,1534022692915,2018-08-11T21:24:52.915Z,sell,7.16e-06,23.0,0.00016468
DLT/BTC,1534022693830,2018-08-11T21:24:53.830Z,sell,7.16e-06,22.0,0.00015752
DLT/BTC,1534022694587,2018-08-11T21:24:54.587Z,sell,7.16e-06,30.0,0.0002148
DLT/BTC,1534022695247,2018-08-11T21:24:55.247Z,sell,7.16e-06,84.0,0.00060144
DLT/BTC,1534022695281,2018-08-11T21:24:55.281Z,sell,7.16e-06,25.0,0.00017900000000000001
DLT/BTC,1534022699992,2018-08-11T21:24:59.992Z,sell,7.16e-06,212.0,0.00151792
DLT/BTC,1534022703912,2018-08-11T21:25:03.912Z,sell,7.16e-06,95.0,0.0006802
DLT/BTC,1534022706603,2018-08-11T21:25:06.603Z,sell,7.17e-06,62.0,0.00044454
DLT/BTC,1534022708068,2018-08-11T21:25:08.068Z,sell,7.17e-06,171.0,0.00122607
DLT/BTC,1534022711724,2018-08-11T21:25:11.724Z,sell,7.17e-06,235.0,0.00168495
DLT/BTC,1534022714117,2018-08-11T21:25:14.117Z,sell,7.17e-06,88.0,0.00063096
DLT/BTC,1534022717759,2018-08-11T21:25:17.759Z,sell,7.17e-06,140.0,0.0010038
DLT/BTC,1534022720763,2018-08-11T21:25:20.763Z,sell,7.17e-06,70.0,0.0005019
DLT/BTC,1534022722902,2018-08-11T21:25:22.902Z,sell,7.17e-06,42.0,0.00030114
DLT/BTC,1534022726034,2018-08-11T21:25:26.034Z,sell,7.17e-06,43.0,0.00030831
DLT/BTC,1534022729351,2018-08-11T21:25:29.351Z,sell,7.17e-06,150.0,0.0010755
DLT/BTC,1534022731512,2018-08-11T21:25:31.512Z,sell,7.17e-06,49.0,0.00035133
DLT/BTC,1534022733300,2018-08-11T21:25:33.300Z,sell,7.17e-06,152.0,0.00108984
DLT/BTC,1534022734367,2018-08-11T21:25:34.367Z,sell,7.17e-06,144.0,0.00103248
DLT/BTC,1534022735424,2018-08-11T21:25:35.424Z,sell,7.15e-06,108.0,0.0007722
DLT/BTC,1534022736772,2018-08-11T21:25:36.772Z,sell,7.14e-06,99.0,0.00070686
DLT/BTC,1534022737922,2018-08-11T21:25:37.922Z,sell,7.14e-06,42.0,0.00029988000000000004
DLT/BTC,1534022738962,2018-08-11T21:25:38.962Z,sell,7.14e-06,144.0,0.00102816
DLT/BTC,1534022740335,2018-08-11T21:25:40.335Z,sell,7.14e-06,65.0,0.0004641
DLT/BTC,1534022741334,2018-08-11T21:25:41.334Z,sell,7.14e-06,42.0,0.00029988000000000004
DLT/BTC,1534022742317,2018-08-11T21:25:42.317Z,sell,7.14e-06,52.0,0.00037128000000000004
DLT/BTC,1534022744221,2018-08-11T21:25:44.221Z,sell,7.13e-06,40.0,0.0002852
DLT/BTC,1534022746391,2018-08-11T21:25:46.391Z,sell,7.13e-06,101.0,0.00072013
DLT/BTC,1534022746391,2018-08-11T21:25:46.391Z,sell,7.12e-06,1.0,7.12e-06
DLT/BTC,1534022747832,2018-08-11T21:25:47.832Z,sell,7.12e-06,135.0,0.0009611999999999999
DLT/BTC,1534022749470,2018-08-11T21:25:49.470Z,sell,7.12e-06,149.0,0.00106088
DLT/BTC,1534022750835,2018-08-11T21:25:50.835Z,sell,7.12e-06,153.0,0.00108936
DLT/BTC,1534022752420,2018-08-11T21:25:52.420Z,sell,7.11e-06,61.0,0.00043370999999999997
DLT/BTC,1534022755284,2018-08-11T21:25:55.284Z,sell,7.11e-06,114.0,0.00081054
DLT/BTC,1534022757242,2018-08-11T21:25:57.242Z,sell,7.11e-06,142.0,0.00100962
DLT/BTC,1534022761389,2018-08-11T21:26:01.389Z,sell,7.11e-06,140.0,0.0009954
DLT/BTC,1534022763857,2018-08-11T21:26:03.857Z,sell,7.11e-06,48.0,0.00034128
DLT/BTC,1534022767098,2018-08-11T21:26:07.098Z,sell,7.11e-06,42.0,0.00029862
DLT/BTC,1534022769951,2018-08-11T21:26:09.951Z,sell,7.11e-06,51.0,0.00036260999999999997
DLT/BTC,1534022772205,2018-08-11T21:26:12.205Z,sell,7.11e-06,155.0,0.00110205
DLT/BTC,1534022775287,2018-08-11T21:26:15.287Z,sell,7.11e-06,42.0,0.00029862
DLT/BTC,1534022778091,2018-08-11T21:26:18.091Z,sell,7.11e-06,21.0,0.00014931
DLT/BTC,1534022778331,2018-08-11T21:26:18.331Z,sell,7.11e-06,56.0,0.00039816
DLT/BTC,1534022778455,2018-08-11T21:26:18.455Z,sell,7.11e-06,17.0,0.00012087
DLT/BTC,1534022779009,2018-08-11T21:26:19.009Z,sell,7.11e-06,26.0,0.00018486
DLT/BTC,1534022779530,2018-08-11T21:26:19.530Z,sell,7.11e-06,58.0,0.00041238
DLT/BTC,1534022779947,2018-08-11T21:26:19.947Z,sell,7.11e-06,17.0,0.00012087
DLT/BTC,1534022780130,2018-08-11T21:26:20.130Z,sell,7.11e-06,40.0,0.0002844
DLT/BTC,1534022780650,2018-08-11T21:26:20.650Z,sell,7.11e-06,63.0,0.00044793
DLT/BTC,1534022780756,2018-08-11T21:26:20.756Z,sell,7.11e-06,44.0,0.00031284
DLT/BTC,1534022781509,2018-08-11T21:26:21.509Z,sell,7.11e-06,58.0,0.00041238
DLT/BTC,1534022782023,2018-08-11T21:26:22.023Z,sell,7.11e-06,61.0,0.00043370999999999997
DLT/BTC,1534022782677,2018-08-11T21:26:22.677Z,sell,7.11e-06,349.0,0.00248139
DLT/BTC,1534022782677,2018-08-11T21:26:22.677Z,sell,7.09e-06,3092.0,0.02192228
DLT/BTC,1534022782677,2018-08-11T21:26:22.677Z,sell,7.08e-06,2479.0,0.01755132
DLT/BTC,1534022783594,2018-08-11T21:26:23.594Z,sell,7.08e-06,20.0,0.0001416
DLT/BTC,1534022785668,2018-08-11T21:26:25.668Z,sell,7.09e-06,279.0,0.00197811
DLT/BTC,1534022787701,2018-08-11T21:26:27.701Z,sell,7.09e-06,45.0,0.00031905
DLT/BTC,1534022808959,2018-08-11T21:26:48.959Z,sell,7.09e-06,1111.0,0.00787699
DLT/BTC,1534022826429,2018-08-11T21:27:06.429Z,sell,7.09e-06,256.0,0.00181504
DLT/BTC,1534022827055,2018-08-11T21:27:07.055Z,buy,7.09e-06,3078.0,0.02182302
DLT/BTC,1534022854181,2018-08-11T21:27:34.181Z,sell,7.07e-06,57.0,0.00040299
DLT/BTC,1534022855285,2018-08-11T21:27:35.285Z,sell,7.07e-06,40.0,0.0002828
DLT/BTC,1534022856180,2018-08-11T21:27:36.180Z,sell,7.07e-06,54.0,0.00038178
DLT/BTC,1534022857009,2018-08-11T21:27:37.009Z,sell,7.07e-06,16.0,0.00011312
DLT/BTC,1534022857386,2018-08-11T21:27:37.386Z,sell,7.07e-06,26.0,0.00018382
DLT/BTC,1534022858480,2018-08-11T21:27:38.480Z,sell,7.07e-06,54.0,0.00038178
DLT/BTC,1534022858793,2018-08-11T21:27:38.793Z,sell,7.07e-06,37.0,0.00026159
DLT/BTC,1534022859879,2018-08-11T21:27:39.879Z,sell,7.07e-06,20.0,0.0001414
DLT/BTC,1534022860909,2018-08-11T21:27:40.909Z,sell,7.07e-06,25.0,0.00017675000000000001
DLT/BTC,1534022861441,2018-08-11T21:27:41.441Z,sell,7.07e-06,23.0,0.00016261
DLT/BTC,1534022861692,2018-08-11T21:27:41.692Z,sell,7.07e-06,16.0,0.00011312
DLT/BTC,1534022862983,2018-08-11T21:27:42.983Z,sell,7.07e-06,17.0,0.00012019
DLT/BTC,1534022863150,2018-08-11T21:27:43.150Z,sell,7.07e-06,62.0,0.00043834
DLT/BTC,1534022864743,2018-08-11T21:27:44.743Z,sell,7.07e-06,17.0,0.00012019
DLT/BTC,1534022865347,2018-08-11T21:27:45.347Z,sell,7.07e-06,21.0,0.00014847
DLT/BTC,1534022866765,2018-08-11T21:27:46.765Z,sell,7.07e-06,20.0,0.0001414
DLT/BTC,1534022867018,2018-08-11T21:27:47.018Z,sell,7.07e-06,56.0,0.00039592
DLT/BTC,1534022867805,2018-08-11T21:27:47.805Z,sell,7.07e-06,57.0,0.00040299
DLT/BTC,1534022868377,2018-08-11T21:27:48.377Z,sell,7.07e-06,46.0,0.00032522
DLT/BTC,1534022868444,2018-08-11T21:27:48.444Z,sell,7.07e-06,25.0,0.00017675000000000001
DLT/BTC,1534022869170,2018-08-11T21:27:49.170Z,sell,7.07e-06,60.0,0.0004242
DLT/BTC,1534022869225,2018-08-11T21:27:49.225Z,sell,7.07e-06,62.0,0.00043834
DLT/BTC,1534022870379,2018-08-11T21:27:50.379Z,sell,7.09e-06,54.0,0.00038286
DLT/BTC,1534022870896,2018-08-11T21:27:50.896Z,sell,7.09e-06,41.0,0.00029068999999999997
DLT/BTC,1534022871279,2018-08-11T21:27:51.279Z,sell,7.09e-06,16.0,0.00011344
DLT/BTC,1534022871632,2018-08-11T21:27:51.632Z,sell,7.09e-06,60.0,0.0004254
DLT/BTC,1534022872179,2018-08-11T21:27:52.179Z,sell,7.09e-06,18.0,0.00012762
DLT/BTC,1534022872382,2018-08-11T21:27:52.382Z,sell,7.09e-06,17.0,0.00012053
DLT/BTC,1534022873174,2018-08-11T21:27:53.174Z,sell,7.09e-06,28.0,0.00019852
DLT/BTC,1534022873884,2018-08-11T21:27:53.884Z,sell,7.09e-06,56.0,0.00039704
DLT/BTC,1534022874588,2018-08-11T21:27:54.588Z,sell,7.09e-06,36.0,0.00025524
DLT/BTC,1534022875133,2018-08-11T21:27:55.133Z,sell,7.09e-06,94.0,0.00066646
DLT/BTC,1534022875402,2018-08-11T21:27:55.402Z,sell,7.09e-06,69.0,0.00048921
DLT/BTC,1534022875867,2018-08-11T21:27:55.867Z,sell,7.09e-06,25.0,0.00017725
DLT/BTC,1534022876438,2018-08-11T21:27:56.438Z,sell,7.09e-06,38.0,0.00026942
DLT/BTC,1534022877422,2018-08-11T21:27:57.422Z,sell,7.09e-06,85.0,0.00060265
DLT/BTC,1534022877971,2018-08-11T21:27:57.971Z,sell,7.09e-06,23.0,0.00016307
DLT/BTC,1534022878270,2018-08-11T21:27:58.270Z,sell,7.09e-06,28.0,0.00019852
DLT/BTC,1534022878774,2018-08-11T21:27:58.774Z,sell,7.09e-06,34.0,0.00024106
DLT/BTC,1534022879046,2018-08-11T21:27:59.046Z,sell,7.09e-06,21.0,0.00014889
DLT/BTC,1534022879075,2018-08-11T21:27:59.075Z,sell,7.09e-06,21.0,0.00014889
DLT/BTC,1534022880039,2018-08-11T21:28:00.039Z,sell,7.09e-06,32.0,0.00022688
DLT/BTC,1534022881192,2018-08-11T21:28:01.192Z,sell,7.09e-06,33.0,0.00023396999999999998
DLT/BTC,1534022881192,2018-08-11T21:28:01.192Z,sell,7.07e-06,50.0,0.00035350000000000003
DLT/BTC,1534022881195,2018-08-11T21:28:01.195Z,sell,7.07e-06,28.0,0.00019796
DLT/BTC,1534022881494,2018-08-11T21:28:01.494Z,sell,7.07e-06,80.0,0.0005656
DLT/BTC,1534022882245,2018-08-11T21:28:02.245Z,sell,7.07e-06,28.0,0.00019796
DLT/BTC,1534022884795,2018-08-11T21:28:04.795Z,sell,7.07e-06,30.0,0.0002121
DLT/BTC,1534022885117,2018-08-11T21:28:05.117Z,sell,7.07e-06,128.0,0.00090496
DLT/BTC,1534022886162,2018-08-11T21:28:06.162Z,sell,7.07e-06,22.0,0.00015554
DLT/BTC,1534022886349,2018-08-11T21:28:06.349Z,sell,7.07e-06,30.0,0.0002121
DLT/BTC,1534022886736,2018-08-11T21:28:06.736Z,sell,7.07e-06,49.0,0.00034643
DLT/BTC,1534022887146,2018-08-11T21:28:07.146Z,sell,7.07e-06,40.0,0.0002828
DLT/BTC,1534022888100,2018-08-11T21:28:08.100Z,sell,7.07e-06,20.0,0.0001414
DLT/BTC,1534022888938,2018-08-11T21:28:08.938Z,sell,7.07e-06,46.0,0.00032522
DLT/BTC,1534022889302,2018-08-11T21:28:09.302Z,sell,7.07e-06,16.0,0.00011312
DLT/BTC,1534022890026,2018-08-11T21:28:10.026Z,sell,7.07e-06,40.0,0.0002828
DLT/BTC,1534022890758,2018-08-11T21:28:10.758Z,sell,7.07e-06,20.0,0.0001414
DLT/BTC,1534022905223,2018-08-11T21:28:25.223Z,buy,7.09e-06,855.0,0.00606195
DLT/BTC,1534022930078,2018-08-11T21:28:50.078Z,buy,7.09e-06,1175.0,0.00833075
DLT/BTC,1534022930078,2018-08-11T21:28:50.078Z,buy,7.1e-06,233.0,0.0016543
DLT/BTC,1534022932078,2018-08-11T21:28:52.078Z,buy,7.1e-06,1175.0,0.0083425
DLT/BTC,1534023047122,2018-08-11T21:30:47.122Z,buy,7.11e-06,4.0,2.844e-05
DLT/BTC,1534023799977,2018-08-11T21:43:19.977Z,sell,7.02e-06,37.0,0.00025974
DLT/BTC,1534023800669,2018-08-11T21:43:20.669Z,sell,7.02e-06,15.0,0.0001053
DLT/BTC,1534023801331,2018-08-11T21:43:21.331Z,sell,7.02e-06,45.0,0.0003159
DLT/BTC,1534023802274,2018-08-11T21:43:22.274Z,sell,7.02e-06,19.0,0.00013338
DLT/BTC,1534023802647,2018-08-11T21:43:22.647Z,sell,7.02e-06,42.0,0.00029484
DLT/BTC,1534023803688,2018-08-11T21:43:23.688Z,sell,7.01e-06,28.0,0.00019627999999999998
DLT/BTC,1534023804820,2018-08-11T21:43:24.820Z,sell,7e-06,18.0,0.000126
DLT/BTC,1534023810749,2018-08-11T21:43:30.749Z,buy,7.05e-06,180.0,0.001269
DLT/BTC,1534023811153,2018-08-11T21:43:31.153Z,buy,7.06e-06,167.0,0.00117902
DLT/BTC,1534023813150,2018-08-11T21:43:33.150Z,buy,7.07e-06,158.0,0.00111706
DLT/BTC,1534023827257,2018-08-11T21:43:47.257Z,sell,7.05e-06,77.0,0.00054285
DLT/BTC,1534023827564,2018-08-11T21:43:47.564Z,sell,7.05e-06,29.0,0.00020445
DLT/BTC,1534023828543,2018-08-11T21:43:48.543Z,sell,7.05e-06,20.0,0.000141
DLT/BTC,1534023829051,2018-08-11T21:43:49.051Z,sell,7.05e-06,32.0,0.0002256
DLT/BTC,1534023829534,2018-08-11T21:43:49.534Z,sell,7.05e-06,19.0,0.00013395
DLT/BTC,1534023830757,2018-08-11T21:43:50.757Z,sell,7.05e-06,21.0,0.00014805
DLT/BTC,1534023831778,2018-08-11T21:43:51.778Z,sell,7.05e-06,26.0,0.0001833
DLT/BTC,1534023832362,2018-08-11T21:43:52.362Z,sell,7.05e-06,79.0,0.0005569500000000001
DLT/BTC,1534023833522,2018-08-11T21:43:53.522Z,sell,7.05e-06,36.0,0.0002538
DLT/BTC,1534023834127,2018-08-11T21:43:54.127Z,sell,7.05e-06,64.0,0.0004512
DLT/BTC,1534023834320,2018-08-11T21:43:54.320Z,sell,7.05e-06,23.0,0.00016215
DLT/BTC,1534023835265,2018-08-11T21:43:55.265Z,sell,7.05e-06,87.0,0.00061335
DLT/BTC,1534023836450,2018-08-11T21:43:56.450Z,sell,7.05e-06,33.0,0.00023265000000000002
DLT/BTC,1534023836869,2018-08-11T21:43:56.869Z,sell,7.05e-06,52.0,0.0003666
DLT/BTC,1534023837120,2018-08-11T21:43:57.120Z,sell,7.05e-06,26.0,0.0001833
DLT/BTC,1534023837855,2018-08-11T21:43:57.855Z,sell,7.05e-06,16.0,0.0001128
DLT/BTC,1534023838354,2018-08-11T21:43:58.354Z,sell,7.05e-06,16.0,0.0001128
DLT/BTC,1534023839315,2018-08-11T21:43:59.315Z,sell,7.05e-06,56.0,0.0003948
DLT/BTC,1534023839685,2018-08-11T21:43:59.685Z,sell,7.05e-06,15.0,0.00010575000000000001
DLT/BTC,1534023840455,2018-08-11T21:44:00.455Z,sell,7.05e-06,38.0,0.0002679
DLT/BTC,1534023841678,2018-08-11T21:44:01.678Z,sell,7.05e-06,50.0,0.0003525
DLT/BTC,1534023842661,2018-08-11T21:44:02.661Z,sell,7.05e-06,18.0,0.0001269
DLT/BTC,1534023843008,2018-08-11T21:44:03.008Z,sell,7.05e-06,112.0,0.0007896
DLT/BTC,1534023843743,2018-08-11T21:44:03.743Z,sell,7.03e-06,19.0,0.00013356999999999998
DLT/BTC,1534023844749,2018-08-11T21:44:04.749Z,sell,7.03e-06,866.0,0.00608798
DLT/BTC,1534023844749,2018-08-11T21:44:04.749Z,sell,7.02e-06,1329.0,0.009329579999999999
DLT/BTC,1534023844749,2018-08-11T21:44:04.749Z,sell,7.01e-06,173.0,0.00121273
DLT/BTC,1534023878708,2018-08-11T21:44:38.708Z,buy,7.08e-06,170.0,0.0012036
DLT/BTC,1534023932570,2018-08-11T21:45:32.570Z,sell,7.01e-06,17.0,0.00011917
DLT/BTC,1534023933050,2018-08-11T21:45:33.050Z,sell,7.01e-06,104.0,0.00072904
DLT/BTC,1534023934045,2018-08-11T21:45:34.045Z,sell,7.01e-06,46.0,0.00032246
DLT/BTC,1534023934191,2018-08-11T21:45:34.191Z,sell,7.01e-06,35.0,0.00024535
DLT/BTC,1534023934742,2018-08-11T21:45:34.742Z,sell,7.01e-06,14.0,9.813999999999999e-05
DLT/BTC,1534023935201,2018-08-11T21:45:35.201Z,sell,7.01e-06,51.0,0.00035751
DLT/BTC,1534023935988,2018-08-11T21:45:35.988Z,sell,7.01e-06,15.0,0.00010515
DLT/BTC,1534023936307,2018-08-11T21:45:36.307Z,sell,7.01e-06,15.0,0.00010515
DLT/BTC,1534023936693,2018-08-11T21:45:36.693Z,sell,7.01e-06,24.0,0.00016824
DLT/BTC,1534023937160,2018-08-11T21:45:37.160Z,sell,7.01e-06,30.0,0.0002103
DLT/BTC,1534023938410,2018-08-11T21:45:38.410Z,sell,7.01e-06,80.0,0.0005608
DLT/BTC,1534023938733,2018-08-11T21:45:38.733Z,sell,7.01e-06,48.0,0.00033648
DLT/BTC,1534023939436,2018-08-11T21:45:39.436Z,sell,7.02e-06,59.0,0.00041418
DLT/BTC,1534023939763,2018-08-11T21:45:39.763Z,sell,7.02e-06,22.0,0.00015444
DLT/BTC,1534023940102,2018-08-11T21:45:40.102Z,sell,7.02e-06,33.0,0.00023166
DLT/BTC,1534023940244,2018-08-11T21:45:40.244Z,sell,7.02e-06,23.0,0.00016146
DLT/BTC,1534023940649,2018-08-11T21:45:40.649Z,sell,7.02e-06,73.0,0.00051246
DLT/BTC,1534023941007,2018-08-11T21:45:41.007Z,sell,7.02e-06,19.0,0.00013338
DLT/BTC,1534023941415,2018-08-11T21:45:41.415Z,sell,7.02e-06,29.0,0.00020358
DLT/BTC,1534023941917,2018-08-11T21:45:41.917Z,sell,7.02e-06,18.0,0.00012636
DLT/BTC,1534023942494,2018-08-11T21:45:42.494Z,sell,7.02e-06,18.0,0.00012636
DLT/BTC,1534023943047,2018-08-11T21:45:43.047Z,sell,7.02e-06,27.0,0.00018954
DLT/BTC,1534023943229,2018-08-11T21:45:43.229Z,sell,7.02e-06,71.0,0.00049842
DLT/BTC,1534023943496,2018-08-11T21:45:43.496Z,sell,7.02e-06,21.0,0.00014742
DLT/BTC,1534023944050,2018-08-11T21:45:44.050Z,sell,7.02e-06,37.0,0.00025974
DLT/BTC,1534023944267,2018-08-11T21:45:44.267Z,sell,7.02e-06,119.0,0.0008353799999999999
DLT/BTC,1534023944812,2018-08-11T21:45:44.812Z,sell,7.02e-06,28.0,0.00019656
DLT/BTC,1534023945071,2018-08-11T21:45:45.071Z,sell,7.02e-06,26.0,0.00018251999999999998
DLT/BTC,1534023945291,2018-08-11T21:45:45.291Z,sell,7.02e-06,74.0,0.00051948
DLT/BTC,1534023945573,2018-08-11T21:45:45.573Z,sell,7.02e-06,26.0,0.00018251999999999998
DLT/BTC,1534023945970,2018-08-11T21:45:45.970Z,sell,7.02e-06,56.0,0.00039312
DLT/BTC,1534023946461,2018-08-11T21:45:46.461Z,sell,7.02e-06,43.0,0.00030186
DLT/BTC,1534023946538,2018-08-11T21:45:46.538Z,buy,7.05e-06,249.0,0.00175545
DLT/BTC,1534023946627,2018-08-11T21:45:46.627Z,buy,7.05e-06,63.0,0.00044415000000000004
DLT/BTC,1534023946978,2018-08-11T21:45:46.978Z,sell,7.02e-06,52.0,0.00036503999999999996
DLT/BTC,1534023946990,2018-08-11T21:45:46.990Z,sell,7.02e-06,23.0,0.00016146
DLT/BTC,1534023947724,2018-08-11T21:45:47.724Z,sell,7.02e-06,57.0,0.00040014
DLT/BTC,1534023947819,2018-08-11T21:45:47.819Z,sell,7.02e-06,18.0,0.00012636
DLT/BTC,1534023948268,2018-08-11T21:45:48.268Z,sell,7.02e-06,53.0,0.00037205999999999996
DLT/BTC,1534023948805,2018-08-11T21:45:48.805Z,sell,7.02e-06,19.0,0.00013338
DLT/BTC,1534023949653,2018-08-11T21:45:49.653Z,sell,7.02e-06,16.0,0.00011232
DLT/BTC,1534023949713,2018-08-11T21:45:49.713Z,buy,7.06e-06,9.0,6.354e-05
DLT/BTC,1534023949840,2018-08-11T21:45:49.840Z,sell,7.02e-06,16.0,0.00011232
DLT/BTC,1534023950592,2018-08-11T21:45:50.592Z,sell,7.02e-06,58.0,0.00040716
DLT/BTC,1534023951630,2018-08-11T21:45:51.630Z,sell,7.02e-06,21.0,0.00014742
DLT/BTC,1534023951759,2018-08-11T21:45:51.759Z,sell,7.02e-06,23.0,0.00016146
DLT/BTC,1534023953015,2018-08-11T21:45:53.015Z,sell,7.02e-06,34.0,0.00023867999999999998
DLT/BTC,1534023953311,2018-08-11T21:45:53.311Z,sell,7.02e-06,15.0,0.0001053
DLT/BTC,1534023954077,2018-08-11T21:45:54.077Z,sell,7.02e-06,18.0,0.00012636
DLT/BTC,1534023954284,2018-08-11T21:45:54.284Z,sell,7.02e-06,49.0,0.00034397999999999997
DLT/BTC,1534023955697,2018-08-11T21:45:55.697Z,sell,7.02e-06,24.0,0.00016847999999999999
DLT/BTC,1534023956354,2018-08-11T21:45:56.354Z,sell,7.02e-06,15.0,0.0001053
DLT/BTC,1534023956572,2018-08-11T21:45:56.572Z,sell,7.02e-06,49.0,0.00034397999999999997
DLT/BTC,1534023957294,2018-08-11T21:45:57.294Z,sell,7.02e-06,37.0,0.00025974
DLT/BTC,1534023958506,2018-08-11T21:45:58.506Z,sell,7.02e-06,52.0,0.00036503999999999996
DLT/BTC,1534023966087,2018-08-11T21:46:06.087Z,sell,7.02e-06,487.0,0.00341874
DLT/BTC,1534023966087,2018-08-11T21:46:06.087Z,sell,7.01e-06,1022.0,0.00716422
DLT/BTC,1534023972772,2018-08-11T21:46:12.772Z,buy,7.06e-06,92.0,0.00064952
DLT/BTC,1534024026539,2018-08-11T21:47:06.539Z,sell,7e-06,17.0,0.00011899999999999999
DLT/BTC,1534024041926,2018-08-11T21:47:21.926Z,buy,7.06e-06,69.0,0.00048714
DLT/BTC,1534024041926,2018-08-11T21:47:21.926Z,buy,7.08e-06,21.0,0.00014868
DLT/BTC,1534024103234,2018-08-11T21:48:23.234Z,buy,7.08e-06,122.0,0.00086376
DLT/BTC,1534024170370,2018-08-11T21:49:30.370Z,buy,7.08e-06,135.0,0.0009558
DLT/BTC,1534024221908,2018-08-11T21:50:21.908Z,buy,7.08e-06,99.0,0.00070092
DLT/BTC,1534024227461,2018-08-11T21:50:27.461Z,buy,7.07e-06,25.0,0.00017675000000000001
DLT/BTC,1534024252481,2018-08-11T21:50:52.481Z,buy,7.07e-06,111.0,0.00078477
DLT/BTC,1534024252481,2018-08-11T21:50:52.481Z,buy,7.07e-06,111.0,0.00078477
DLT/BTC,1534024317562,2018-08-11T21:51:57.562Z,buy,7.07e-06,567.0,0.00400869
DLT/BTC,1534024318839,2018-08-11T21:51:58.839Z,buy,7.07e-06,41.0,0.00028987
DLT/BTC,1534024318839,2018-08-11T21:51:58.839Z,buy,7.08e-06,160.0,0.0011328
DLT/BTC,1534024319640,2018-08-11T21:51:59.640Z,buy,7.08e-06,175.0,0.001239
DLT/BTC,1534024320798,2018-08-11T21:52:00.798Z,buy,7.08e-06,210.0,0.0014868
DLT/BTC,1534024338719,2018-08-11T21:52:18.719Z,buy,7.08e-06,187.0,0.00132396
DLT/BTC,1534024339213,2018-08-11T21:52:19.213Z,buy,7.08e-06,496.0,0.00351168
DLT/BTC,1534024340153,2018-08-11T21:52:20.153Z,buy,7.08e-06,2.0,1.416e-05
DLT/BTC,1534024340153,2018-08-11T21:52:20.153Z,buy,7.09e-06,294.0,0.00208446
DLT/BTC,1534024341124,2018-08-11T21:52:21.124Z,buy,7.09e-06,138.0,0.00097842
DLT/BTC,1534024400301,2018-08-11T21:53:20.301Z,buy,7.09e-06,149.0,0.00105641
DLT/BTC,1534024479706,2018-08-11T21:54:39.706Z,buy,7.08e-06,206.0,0.00145848
DLT/BTC,1534024481028,2018-08-11T21:54:41.028Z,buy,7.08e-06,104.0,0.0007363199999999999
DLT/BTC,1534024481028,2018-08-11T21:54:41.028Z,buy,7.09e-06,18.0,0.00012762
DLT/BTC,1534024481565,2018-08-11T21:54:41.565Z,buy,7.09e-06,352.0,0.00249568
DLT/BTC,1534024481955,2018-08-11T21:54:41.955Z,buy,7.09e-06,105.0,0.00074445
DLT/BTC,1534024545849,2018-08-11T21:55:45.849Z,buy,7.09e-06,133.0,0.00094297
DLT/BTC,1534024547638,2018-08-11T21:55:47.638Z,buy,7.09e-06,181.0,0.00128329
DLT/BTC,1534024568762,2018-08-11T21:56:08.762Z,buy,7.09e-06,322.0,0.00228298
DLT/BTC,1534024740473,2018-08-11T21:59:00.473Z,buy,7.08e-06,131.0,0.00092748
DLT/BTC,1534024741390,2018-08-11T21:59:01.390Z,buy,7.08e-06,70.0,0.0004956
DLT/BTC,1534024742200,2018-08-11T21:59:02.200Z,buy,7.08e-06,363.0,0.00257004
DLT/BTC,1534024742832,2018-08-11T21:59:02.832Z,buy,7.08e-06,132.0,0.00093456
DLT/BTC,1534024743886,2018-08-11T21:59:03.886Z,buy,7.08e-06,148.0,0.00104784
DLT/BTC,1534024744857,2018-08-11T21:59:04.857Z,buy,7.08e-06,98.0,0.00069384
DLT/BTC,1534024882479,2018-08-11T22:01:22.479Z,buy,7.08e-06,305.0,0.0021594
DLT/BTC,1534024903812,2018-08-11T22:01:43.812Z,buy,7.08e-06,317.0,0.00224436
DLT/BTC,1534024904825,2018-08-11T22:01:44.825Z,buy,7.08e-06,215.0,0.0015222
DLT/BTC,1534024907409,2018-08-11T22:01:47.409Z,buy,7.08e-06,175.0,0.001239
DLT/BTC,1534025193117,2018-08-11T22:06:33.117Z,buy,7.08e-06,2529.0,0.01790532
DLT/BTC,1534025193425,2018-08-11T22:06:33.425Z,buy,7.09e-06,2447.0,0.01734923
DLT/BTC,1534025204431,2018-08-11T22:06:44.431Z,buy,7.1e-06,879.0,0.0062409
DLT/BTC,1534025227081,2018-08-11T22:07:07.081Z,buy,7.11e-06,138.0,0.00098118
DLT/BTC,1534025227426,2018-08-11T22:07:07.426Z,buy,7.12e-06,820.0,0.0058384
DLT/BTC,1534025237437,2018-08-11T22:07:17.437Z,buy,7.13e-06,317.0,0.00226021
DLT/BTC,1534025239579,2018-08-11T22:07:19.579Z,buy,7.13e-06,509.0,0.00362917
DLT/BTC,1534025240276,2018-08-11T22:07:20.276Z,sell,7.13e-06,647.0,0.00461311
DLT/BTC,1534025258603,2018-08-11T22:07:38.603Z,buy,7.11e-06,5.0,3.555e-05
DLT/BTC,1534025347246,2018-08-11T22:09:07.246Z,sell,7.04e-06,456.0,0.00321024
DLT/BTC,1534025357962,2018-08-11T22:09:17.962Z,sell,7.04e-06,140.0,0.0009856
DLT/BTC,1534025704555,2018-08-11T22:15:04.555Z,buy,7.09e-06,596.0,0.00422564
DLT/BTC,1534026066845,2018-08-11T22:21:06.845Z,buy,7.12e-06,3.0,2.136e-05
DLT/BTC,1534026069861,2018-08-11T22:21:09.861Z,buy,7.12e-06,1.0,7.12e-06
DLT/BTC,1534026640850,2018-08-11T22:30:40.850Z,buy,7.1e-06,2.0,1.42e-05
DLT/BTC,1534026694134,2018-08-11T22:31:34.134Z,buy,7.1e-06,774.0,0.0054954
DLT/BTC,1534026694134,2018-08-11T22:31:34.134Z,buy,7.11e-06,560.0,0.0039816
DLT/BTC,1534026694134,2018-08-11T22:31:34.134Z,buy,7.13e-06,595.0,0.004242350000000001
DLT/BTC,1534026893102,2018-08-11T22:34:53.102Z,buy,7.13e-06,4.0,2.852e-05
DLT/BTC,1534027732454,2018-08-11T22:48:52.454Z,buy,7.13e-06,751.0,0.00535463
DLT/BTC,1534027802037,2018-08-11T22:50:02.037Z,sell,7.05e-06,3.0,2.115e-05
DLT/BTC,1534027802037,2018-08-11T22:50:02.037Z,sell,7.05e-06,3.0,2.115e-05
DLT/BTC,1534028048813,2018-08-11T22:54:08.813Z,sell,7.06e-06,418.0,0.00295108
DLT/BTC,1534028397012,2018-08-11T22:59:57.012Z,buy,7.13e-06,424.0,0.0030231200000000002
DLT/BTC,1534028419684,2018-08-11T23:00:19.684Z,sell,7.06e-06,13.0,9.178e-05
DLT/BTC,1534028686376,2018-08-11T23:04:46.376Z,sell,7.07e-06,424.0,0.00299768
DLT/BTC,1534028686376,2018-08-11T23:04:46.376Z,sell,7.06e-06,2001.0,0.01412706
DLT/BTC,1534028686376,2018-08-11T23:04:46.376Z,sell,7.05e-06,75.0,0.00052875
DLT/BTC,1534028694365,2018-08-11T23:04:54.365Z,buy,7.08e-06,418.0,0.00295944
DLT/BTC,1534028857668,2018-08-11T23:07:37.668Z,buy,7.1e-06,5.0,3.5499999999999996e-05
DLT/BTC,1534029150509,2018-08-11T23:12:30.509Z,buy,7.1e-06,1996.0,0.0141716
DLT/BTC,1534029528456,2018-08-11T23:18:48.456Z,buy,7.11e-06,380.0,0.0027018
DLT/BTC,1534029691546,2018-08-11T23:21:31.546Z,buy,7.11e-06,2.0,1.422e-05
DLT/BTC,1534029813073,2018-08-11T23:23:33.073Z,sell,7.05e-06,2826.0,0.0199233
DLT/BTC,1534029813073,2018-08-11T23:23:33.073Z,sell,7.03e-06,1174.0,0.00825322
DLT/BTC,1534030190028,2018-08-11T23:29:50.028Z,sell,7.03e-06,960.0,0.006748799999999999
DLT/BTC,1534030190028,2018-08-11T23:29:50.028Z,sell,7.02e-06,1213.0,0.00851526
DLT/BTC,1534030202658,2018-08-11T23:30:02.658Z,buy,7.08e-06,2.0,1.416e-05
DLT/BTC,1534030225462,2018-08-11T23:30:25.462Z,buy,7.06e-06,1172.0,0.00827432
DLT/BTC,1534030225462,2018-08-11T23:30:25.462Z,buy,7.07e-06,381.0,0.00269367
DLT/BTC,1534030864390,2018-08-11T23:41:04.390Z,buy,7.11e-06,1.0,7.11e-06
DLT/BTC,1534031205791,2018-08-11T23:46:45.791Z,buy,7.1e-06,75.0,0.0005325
DLT/BTC,1534031326724,2018-08-11T23:48:46.724Z,sell,7.02e-06,6820.0,0.0478764
DLT/BTC,1534031326724,2018-08-11T23:48:46.724Z,sell,7.02e-06,6820.0,0.0478764
DLT/BTC,1534031453376,2018-08-11T23:50:53.376Z,sell,7.02e-06,6.0,4.2119999999999997e-05
DLT/BTC,1534031460173,2018-08-11T23:51:00.173Z,buy,7.11e-06,73.0,0.00051903
DLT/BTC,1534031836130,2018-08-11T23:57:16.130Z,sell,7.02e-06,1107.0,0.007771139999999999
DLT/BTC,1534031841729,2018-08-11T23:57:21.729Z,sell,6.97e-06,56.0,0.00039032
DLT/BTC,1534031842540,2018-08-11T23:57:22.540Z,sell,7.01e-06,34.0,0.00023834
DLT/BTC,1534031843874,2018-08-11T23:57:23.874Z,sell,7.01e-06,14.0,9.813999999999999e-05
DLT/BTC,1534031843998,2018-08-11T23:57:23.998Z,sell,7.01e-06,45.0,0.00031545
DLT/BTC,1534031845497,2018-08-11T23:57:25.497Z,sell,7.01e-06,22.0,0.00015422
DLT/BTC,1534031846455,2018-08-11T23:57:26.455Z,sell,7.01e-06,53.0,0.00037153
DLT/BTC,1534031847588,2018-08-11T23:57:27.588Z,sell,7.01e-06,14.0,9.813999999999999e-05
DLT/BTC,1534031848441,2018-08-11T23:57:28.441Z,sell,7.01e-06,21.0,0.00014721
DLT/BTC,1534031849422,2018-08-11T23:57:29.422Z,sell,7.01e-06,20.0,0.0001402
DLT/BTC,1534031850480,2018-08-11T23:57:30.480Z,sell,7.01e-06,15.0,0.00010515
DLT/BTC,1534031851486,2018-08-11T23:57:31.486Z,sell,7.01e-06,15.0,0.00010515
DLT/BTC,1534031851968,2018-08-11T23:57:31.968Z,sell,7.01e-06,18.0,0.00012618
DLT/BTC,1534031853111,2018-08-11T23:57:33.111Z,sell,7.01e-06,53.0,0.00037153
DLT/BTC,1534031854260,2018-08-11T23:57:34.260Z,sell,7.01e-06,49.0,0.00034349
DLT/BTC,1534031855512,2018-08-11T23:57:35.512Z,sell,7.01e-06,17.0,0.00011917
DLT/BTC,1534031856818,2018-08-11T23:57:36.818Z,sell,7.01e-06,21.0,0.00014721
DLT/BTC,1534031857017,2018-08-11T23:57:37.017Z,sell,7.01e-06,17.0,0.00011917
DLT/BTC,1534031857017,2018-08-11T23:57:37.017Z,sell,6.97e-06,31.0,0.00021607
DLT/BTC,1534031857545,2018-08-11T23:57:37.545Z,sell,6.97e-06,39.0,0.00027183000000000003
DLT/BTC,1534031858240,2018-08-11T23:57:38.240Z,sell,6.97e-06,51.0,0.00035547
DLT/BTC,1534031859207,2018-08-11T23:57:39.207Z,sell,6.97e-06,64.0,0.00044608
DLT/BTC,1534031859745,2018-08-11T23:57:39.745Z,sell,6.97e-06,66.0,0.00046002
DLT/BTC,1534031860329,2018-08-11T23:57:40.329Z,sell,6.97e-06,30.0,0.00020910000000000001
DLT/BTC,1534031861646,2018-08-11T23:57:41.646Z,sell,6.97e-06,27.0,0.00018819
DLT/BTC,1534031862618,2018-08-11T23:57:42.618Z,sell,6.97e-06,42.0,0.00029274
DLT/BTC,1534031863100,2018-08-11T23:57:43.100Z,sell,6.97e-06,32.0,0.00022304
DLT/BTC,1534031863454,2018-08-11T23:57:43.454Z,sell,6.97e-06,13.0,9.061e-05
DLT/BTC,1534031864671,2018-08-11T23:57:44.671Z,sell,6.97e-06,95.0,0.00066215
DLT/BTC,1534031865273,2018-08-11T23:57:45.273Z,sell,6.97e-06,16.0,0.00011152
DLT/BTC,1534031867041,2018-08-11T23:57:47.041Z,sell,6.97e-06,18.0,0.00012546
DLT/BTC,1534031868113,2018-08-11T23:57:48.113Z,sell,6.98e-06,2148.0,0.014993040000000001
DLT/BTC,1534031868113,2018-08-11T23:57:48.113Z,sell,6.97e-06,43.0,0.00029971
DLT/BTC,1534031870081,2018-08-11T23:57:50.081Z,sell,6.99e-06,17.0,0.00011883
DLT/BTC,1534031871272,2018-08-11T23:57:51.272Z,sell,6.99e-06,17.0,0.00011883
DLT/BTC,1534031951120,2018-08-11T23:59:11.120Z,sell,6.97e-06,1000.0,0.0069700000000000005
DLT/BTC,1534031976247,2018-08-11T23:59:36.247Z,sell,6.93e-06,16.0,0.00011088
DLT/BTC,1534031976646,2018-08-11T23:59:36.646Z,sell,6.93e-06,15.0,0.00010394999999999999
DLT/BTC,1534031977927,2018-08-11T23:59:37.927Z,sell,6.93e-06,468.0,0.0032432399999999997
DLT/BTC,1534031977927,2018-08-11T23:59:37.927Z,sell,6.91e-06,1545.0,0.01067595
DLT/BTC,1534031978664,2018-08-11T23:59:38.664Z,sell,6.91e-06,13.0,8.983e-05
DLT/BTC,1534031978683,2018-08-11T23:59:38.683Z,sell,6.91e-06,87.0,0.00060117
DLT/BTC,1534031979686,2018-08-11T23:59:39.686Z,sell,6.91e-06,14.0,9.674e-05
DLT/BTC,1534032001703,2018-08-12T00:00:01.703Z,sell,6.91e-06,24.0,0.00016584
DLT/BTC,1534032002681,2018-08-12T00:00:02.681Z,sell,6.91e-06,12.0,8.292e-05
DLT/BTC,1534032003426,2018-08-12T00:00:03.426Z,sell,6.91e-06,29.0,0.00020039
DLT/BTC,1534032004467,2018-08-12T00:00:04.467Z,sell,6.91e-06,38.0,0.00026258
DLT/BTC,1534032005247,2018-08-12T00:00:05.247Z,sell,6.91e-06,27.0,0.00018657
DLT/BTC,1534032006170,2018-08-12T00:00:06.170Z,sell,6.91e-06,58.0,0.00040078
DLT/BTC,1534032006998,2018-08-12T00:00:06.998Z,sell,6.91e-06,60.0,0.0004146
DLT/BTC,1534032007728,2018-08-12T00:00:07.728Z,sell,6.91e-06,47.0,0.00032477
DLT/BTC,1534032008878,2018-08-12T00:00:08.878Z,sell,6.91e-06,36.0,0.00024876
DLT/BTC,1534032010335,2018-08-12T00:00:10.335Z,sell,6.91e-06,19.0,0.00013129
DLT/BTC,1534032011061,2018-08-12T00:00:11.061Z,sell,6.91e-06,44.0,0.00030404
DLT/BTC,1534032011809,2018-08-12T00:00:11.809Z,sell,6.91e-06,15.0,0.00010365
DLT/BTC,1534032012153,2018-08-12T00:00:12.153Z,sell,6.91e-06,45.0,0.00031095
DLT/BTC,1534032013873,2018-08-12T00:00:13.873Z,sell,6.91e-06,16.0,0.00011056
DLT/BTC,1534032013935,2018-08-12T00:00:13.935Z,sell,6.91e-06,48.0,0.00033168
DLT/BTC,1534032014257,2018-08-12T00:00:14.257Z,sell,6.91e-06,14.0,9.674e-05
DLT/BTC,1534032014739,2018-08-12T00:00:14.739Z,sell,6.91e-06,14.0,9.674e-05
DLT/BTC,1534032015250,2018-08-12T00:00:15.250Z,sell,6.91e-06,18.0,0.00012438
DLT/BTC,1534032016307,2018-08-12T00:00:16.307Z,sell,6.91e-06,12.0,8.292e-05
DLT/BTC,1534032016722,2018-08-12T00:00:16.722Z,sell,6.91e-06,19.0,0.00013129
DLT/BTC,1534032018748,2018-08-12T00:00:18.748Z,sell,6.91e-06,20.0,0.0001382
DLT/BTC,1534032020769,2018-08-12T00:00:20.769Z,sell,6.91e-06,23.0,0.00015893
DLT/BTC,1534032020769,2018-08-12T00:00:20.769Z,sell,6.9e-06,26.0,0.0001794
DLT/BTC,1534032021311,2018-08-12T00:00:21.311Z,sell,6.9e-06,41.0,0.0002829
DLT/BTC,1534032032887,2018-08-12T00:00:32.887Z,buy,6.96e-06,163.0,0.00113448
DLT/BTC,1534032036167,2018-08-12T00:00:36.167Z,buy,6.99e-06,286.0,0.00199914
DLT/BTC,1534032038684,2018-08-12T00:00:38.684Z,buy,6.99e-06,259.0,0.00181041
DLT/BTC,1534032039978,2018-08-12T00:00:39.978Z,buy,7e-06,110.0,0.00077
DLT/BTC,1534032086906,2018-08-12T00:01:26.906Z,sell,6.92e-06,290.0,0.0020068
DLT/BTC,1534032086906,2018-08-12T00:01:26.906Z,sell,6.91e-06,642.0,0.00443622
DLT/BTC,1534032100684,2018-08-12T00:01:40.684Z,buy,6.96e-06,243.0,0.00169128
DLT/BTC,1534032162875,2018-08-12T00:02:42.875Z,sell,6.91e-06,12.0,8.292e-05
DLT/BTC,1534032163568,2018-08-12T00:02:43.568Z,sell,6.91e-06,52.0,0.00035932
DLT/BTC,1534032164253,2018-08-12T00:02:44.253Z,sell,6.91e-06,31.0,0.00021421
DLT/BTC,1534032174456,2018-08-12T00:02:54.456Z,buy,6.99e-06,559.0,0.00390741
DLT/BTC,1534032282142,2018-08-12T00:04:42.142Z,buy,7e-06,389.0,0.002723
DLT/BTC,1534032282142,2018-08-12T00:04:42.142Z,buy,7.02e-06,186.0,0.00130572
DLT/BTC,1534032388875,2018-08-12T00:06:28.875Z,buy,7.02e-06,104.0,0.0007300799999999999
DLT/BTC,1534032389985,2018-08-12T00:06:29.985Z,buy,7.02e-06,346.0,0.0024289199999999998
DLT/BTC,1534032450834,2018-08-12T00:07:30.834Z,buy,7.02e-06,377.0,0.0026465399999999997
DLT/BTC,1534032467692,2018-08-12T00:07:47.692Z,buy,7.02e-06,6.0,4.2119999999999997e-05
DLT/BTC,1534032600126,2018-08-12T00:10:00.126Z,buy,7.02e-06,155.0,0.0010881
DLT/BTC,1534032601946,2018-08-12T00:10:01.946Z,buy,7.02e-06,110.0,0.0007722
DLT/BTC,1534032699638,2018-08-12T00:11:39.638Z,sell,6.99e-06,744.0,0.00520056
DLT/BTC,1534032699638,2018-08-12T00:11:39.638Z,sell,6.92e-06,1948.0,0.01348016
DLT/BTC,1534032699638,2018-08-12T00:11:39.638Z,sell,6.91e-06,5162.0,0.03566942
DLT/BTC,1534032699638,2018-08-12T00:11:39.638Z,sell,6.9e-06,43140.0,0.297666
DLT/BTC,1534032728293,2018-08-12T00:12:08.293Z,sell,6.9e-06,14.0,9.66e-05
DLT/BTC,1534032729019,2018-08-12T00:12:09.019Z,sell,6.9e-06,14.0,9.66e-05
DLT/BTC,1534032802844,2018-08-12T00:13:22.844Z,buy,6.99e-06,136.0,0.00095064
DLT/BTC,1534032803571,2018-08-12T00:13:23.571Z,buy,6.99e-06,132.0,0.00092268
DLT/BTC,1534032907239,2018-08-12T00:15:07.239Z,sell,6.91e-06,428.0,0.00295748
DLT/BTC,1534033015981,2018-08-12T00:16:55.981Z,sell,6.91e-06,456.0,0.00315096
DLT/BTC,1534033016221,2018-08-12T00:16:56.221Z,buy,6.91e-06,1531.0,0.01057921
DLT/BTC,1534033278041,2018-08-12T00:21:18.041Z,buy,6.92e-06,4.0,2.768e-05
DLT/BTC,1534033747244,2018-08-12T00:29:07.244Z,sell,6.9e-06,178.0,0.0012282
DLT/BTC,1534033858428,2018-08-12T00:30:58.428Z,buy,6.92e-06,4.0,2.768e-05
DLT/BTC,1534033874564,2018-08-12T00:31:14.564Z,sell,6.9e-06,153.0,0.0010557
DLT/BTC,1534033874711,2018-08-12T00:31:14.711Z,sell,6.9e-06,285.0,0.0019665
DLT/BTC,1534033994864,2018-08-12T00:33:14.864Z,sell,6.9e-06,220.0,0.001518
DLT/BTC,1534034570071,2018-08-12T00:42:50.071Z,buy,6.92e-06,7.0,4.844e-05
DLT/BTC,1534034570071,2018-08-12T00:42:50.071Z,buy,6.92e-06,7.0,4.844e-05
DLT/BTC,1534035048072,2018-08-12T00:50:48.072Z,buy,6.91e-06,15.0,0.00010365
DLT/BTC,1534035088706,2018-08-12T00:51:28.706Z,buy,6.91e-06,64.0,0.00044224
DLT/BTC,1534035283212,2018-08-12T00:54:43.212Z,sell,6.9e-06,768.0,0.0052992000000000004
DLT/BTC,1534035283212,2018-08-12T00:54:43.212Z,sell,6.82e-06,1791.0,0.01221462
DLT/BTC,1534035283212,2018-08-12T00:54:43.212Z,sell,6.8e-06,10803.0,0.0734604
DLT/BTC,1534035285832,2018-08-12T00:54:45.832Z,buy,6.84e-06,26.0,0.00017784
DLT/BTC,1534035288801,2018-08-12T00:54:48.801Z,sell,6.83e-06,479.0,0.00327157
DLT/BTC,1534035305287,2018-08-12T00:55:05.287Z,sell,6.83e-06,12.0,8.196e-05
DLT/BTC,1534035305313,2018-08-12T00:55:05.313Z,sell,6.83e-06,16.0,0.00010928
DLT/BTC,1534035305326,2018-08-12T00:55:05.326Z,sell,6.83e-06,27.0,0.00018441
DLT/BTC,1534035305326,2018-08-12T00:55:05.326Z,sell,6.83e-06,11.0,7.513e-05
DLT/BTC,1534035305332,2018-08-12T00:55:05.332Z,sell,6.83e-06,48.0,0.00032784
DLT/BTC,1534035305348,2018-08-12T00:55:05.348Z,sell,6.83e-06,36.0,0.00024587999999999997
DLT/BTC,1534035305435,2018-08-12T00:55:05.435Z,sell,6.83e-06,15.0,0.00010245
DLT/BTC,1534035305769,2018-08-12T00:55:05.769Z,sell,6.83e-06,17.0,0.00011611
DLT/BTC,1534035305803,2018-08-12T00:55:05.803Z,sell,6.83e-06,11.0,7.513e-05
DLT/BTC,1534035306023,2018-08-12T00:55:06.023Z,sell,6.83e-06,14.0,9.562e-05
DLT/BTC,1534035306026,2018-08-12T00:55:06.026Z,sell,6.83e-06,43.0,0.00029369
DLT/BTC,1534035306299,2018-08-12T00:55:06.299Z,sell,6.83e-06,40.0,0.00027319999999999997
DLT/BTC,1534035306300,2018-08-12T00:55:06.300Z,sell,6.83e-06,32.0,0.00021856
DLT/BTC,1534035306821,2018-08-12T00:55:06.821Z,sell,6.83e-06,18.0,0.00012293999999999999
DLT/BTC,1534035307098,2018-08-12T00:55:07.098Z,sell,6.83e-06,42.0,0.00028686
DLT/BTC,1534035308208,2018-08-12T00:55:08.208Z,sell,6.83e-06,21.0,0.00014343
DLT/BTC,1534035308258,2018-08-12T00:55:08.258Z,sell,6.83e-06,26.0,0.00017758
DLT/BTC,1534035309431,2018-08-12T00:55:09.431Z,buy,6.84e-06,1378.0,0.00942552
DLT/BTC,1534035309748,2018-08-12T00:55:09.748Z,buy,6.85e-06,224.0,0.0015344
DLT/BTC,1534035309792,2018-08-12T00:55:09.792Z,buy,6.85e-06,173.0,0.00118505
DLT/BTC,1534035310060,2018-08-12T00:55:10.060Z,buy,6.85e-06,224.0,0.0015344
DLT/BTC,1534035317035,2018-08-12T00:55:17.035Z,sell,6.84e-06,34.0,0.00023255999999999998
DLT/BTC,1534035319077,2018-08-12T00:55:19.077Z,buy,6.85e-06,5839.0,0.039997149999999995
DLT/BTC,1534035320164,2018-08-12T00:55:20.164Z,buy,6.85e-06,4024.0,0.0275644
DLT/BTC,1534035320452,2018-08-12T00:55:20.452Z,sell,6.84e-06,296.0,0.00202464
DLT/BTC,1534035320824,2018-08-12T00:55:20.824Z,sell,6.84e-06,296.0,0.00202464
DLT/BTC,1534035321172,2018-08-12T00:55:21.172Z,buy,6.86e-06,317.0,0.00217462
DLT/BTC,1534035331574,2018-08-12T00:55:31.574Z,buy,6.88e-06,296.0,0.0020364800000000002
DLT/BTC,1534035332099,2018-08-12T00:55:32.099Z,buy,6.88e-06,127.0,0.00087376
DLT/BTC,1534035333031,2018-08-12T00:55:33.031Z,buy,6.87e-06,127.0,0.0008724900000000001
DLT/BTC,1534035333111,2018-08-12T00:55:33.111Z,buy,6.87e-06,94.0,0.00064578
DLT/BTC,1534035333111,2018-08-12T00:55:33.111Z,buy,6.88e-06,264.0,0.00181632
DLT/BTC,1534035333111,2018-08-12T00:55:33.111Z,buy,6.9e-06,69.0,0.0004761
DLT/BTC,1534035333327,2018-08-12T00:55:33.327Z,buy,6.9e-06,226.0,0.0015594
DLT/BTC,1534035333662,2018-08-12T00:55:33.662Z,buy,6.9e-06,310.0,0.002139
DLT/BTC,1534035334124,2018-08-12T00:55:34.124Z,buy,6.9e-06,259.0,0.0017871
DLT/BTC,1534035334124,2018-08-12T00:55:34.124Z,buy,6.91e-06,121.0,0.0008361099999999999
DLT/BTC,1534035334395,2018-08-12T00:55:34.395Z,sell,6.86e-06,374.0,0.00256564
DLT/BTC,1534035334395,2018-08-12T00:55:34.395Z,sell,6.85e-06,1462.0,0.0100147
DLT/BTC,1534035335901,2018-08-12T00:55:35.901Z,buy,6.9e-06,154.0,0.0010626
DLT/BTC,1534035352339,2018-08-12T00:55:52.339Z,sell,6.86e-06,79.0,0.00054194
DLT/BTC,1534035360175,2018-08-12T00:56:00.175Z,buy,6.88e-06,220.0,0.0015136000000000001
DLT/BTC,1534035379136,2018-08-12T00:56:19.136Z,buy,6.9e-06,171.0,0.0011799
DLT/BTC,1534035379136,2018-08-12T00:56:19.136Z,buy,6.91e-06,585.0,0.00404235
DLT/BTC,1534035380135,2018-08-12T00:56:20.135Z,buy,6.91e-06,1490.0,0.0102959
DLT/BTC,1534035380135,2018-08-12T00:56:20.135Z,buy,6.93e-06,2441.0,0.016916129999999998
DLT/BTC,1534035380135,2018-08-12T00:56:20.135Z,buy,6.97e-06,1600.0,0.011152
DLT/BTC,1534035380135,2018-08-12T00:56:20.135Z,buy,7.2e-06,2297.0,0.016538399999999998
DLT/BTC,1534035380135,2018-08-12T00:56:20.135Z,buy,7.28e-06,453.0,0.00329784
DLT/BTC,1534035380135,2018-08-12T00:56:20.135Z,buy,7.29e-06,6047.0,0.04408263
DLT/BTC,1534035380374,2018-08-12T00:56:20.374Z,sell,6.97e-06,419.0,0.00292043
DLT/BTC,1534035380777,2018-08-12T00:56:20.777Z,buy,7.27e-06,116.0,0.0008433199999999999
DLT/BTC,1534035382208,2018-08-12T00:56:22.208Z,sell,6.99e-06,24.0,0.00016776
DLT/BTC,1534035391021,2018-08-12T00:56:31.021Z,sell,7.09e-06,160.0,0.0011344
DLT/BTC,1534035391212,2018-08-12T00:56:31.212Z,sell,7.09e-06,160.0,0.0011344
DLT/BTC,1534035412715,2018-08-12T00:56:52.715Z,sell,7.04e-06,959.0,0.0067513600000000005
DLT/BTC,1534035413037,2018-08-12T00:56:53.037Z,buy,7.03e-06,1045.0,0.00734635
DLT/BTC,1534035414750,2018-08-12T00:56:54.750Z,sell,7.03e-06,1204.0,0.00846412
DLT/BTC,1534035432879,2018-08-12T00:57:12.879Z,sell,7.01e-06,144.0,0.00100944
DLT/BTC,1534035435608,2018-08-12T00:57:15.608Z,sell,7e-06,144.0,0.001008
DLT/BTC,1534035460437,2018-08-12T00:57:40.437Z,buy,6.99e-06,140.0,0.0009786
DLT/BTC,1534035461255,2018-08-12T00:57:41.255Z,buy,6.99e-06,132.0,0.00092268
DLT/BTC,1534035501691,2018-08-12T00:58:21.691Z,buy,6.99e-06,422.0,0.00294978
DLT/BTC,1534035504942,2018-08-12T00:58:24.942Z,buy,7e-06,416.0,0.002912
DLT/BTC,1534035505068,2018-08-12T00:58:25.068Z,buy,7e-06,167.0,0.001169
DLT/BTC,1534035506165,2018-08-12T00:58:26.165Z,buy,7e-06,405.0,0.002835
DLT/BTC,1534035573290,2018-08-12T00:59:33.290Z,buy,6.91e-06,419.0,0.00289529
DLT/BTC,1534035575708,2018-08-12T00:59:35.708Z,buy,6.98e-06,18.0,0.00012564
DLT/BTC,1534035576500,2018-08-12T00:59:36.500Z,sell,6.9e-06,24.0,0.00016560000000000001
DLT/BTC,1534035605101,2018-08-12T01:00:05.101Z,buy,6.98e-06,247.0,0.00172406
DLT/BTC,1534035605101,2018-08-12T01:00:05.101Z,buy,6.99e-06,56.0,0.00039144
DLT/BTC,1534035605106,2018-08-12T01:00:05.106Z,buy,6.99e-06,89.0,0.00062211
DLT/BTC,1534035605106,2018-08-12T01:00:05.106Z,buy,7e-06,232.0,0.001624
DLT/BTC,1534035605136,2018-08-12T01:00:05.136Z,buy,7e-06,251.0,0.0017569999999999999
DLT/BTC,1534035605586,2018-08-12T01:00:05.586Z,buy,7e-06,399.0,0.002793
DLT/BTC,1534035615932,2018-08-12T01:00:15.932Z,buy,7e-06,196.0,0.001372
DLT/BTC,1534035755920,2018-08-12T01:02:35.920Z,buy,7.03e-06,144.0,0.00101232
DLT/BTC,1534035755920,2018-08-12T01:02:35.920Z,buy,7.05e-06,284.0,0.0020022
DLT/BTC,1534035755920,2018-08-12T01:02:35.920Z,buy,7.07e-06,144.0,0.00101808
DLT/BTC,1534035755920,2018-08-12T01:02:35.920Z,buy,7.08e-06,1204.0,0.00852432
DLT/BTC,1534035755941,2018-08-12T01:02:35.941Z,sell,7.08e-06,893.0,0.00632244
DLT/BTC,1534035755941,2018-08-12T01:02:35.941Z,sell,7.08e-06,900.0,0.006372
DLT/BTC,1534035775513,2018-08-12T01:02:55.513Z,sell,7.1e-06,2067.0,0.0146757
DLT/BTC,1534035778147,2018-08-12T01:02:58.147Z,sell,7.09e-06,2820.0,0.0199938
DLT/BTC,1534036155181,2018-08-12T01:09:15.181Z,sell,7.01e-06,2.0,1.402e-05
DLT/BTC,1534036384396,2018-08-12T01:13:04.396Z,buy,7.08e-06,3773.0,0.02671284
DLT/BTC,1534036384396,2018-08-12T01:13:04.396Z,buy,7.12e-06,1936.0,0.01378432
DLT/BTC,1534036411213,2018-08-12T01:13:31.213Z,sell,7.07e-06,1950.0,0.0137865
DLT/BTC,1534036691905,2018-08-12T01:18:11.905Z,sell,7.07e-06,826.0,0.00583982
DLT/BTC,1534036800064,2018-08-12T01:20:00.064Z,sell,7.06e-06,1852.0,0.01307512
DLT/BTC,1534036818277,2018-08-12T01:20:18.277Z,sell,7.06e-06,7.0,4.942e-05
DLT/BTC,1534037389673,2018-08-12T01:29:49.673Z,sell,6.97e-06,1.0,6.97e-06
DLT/BTC,1534037447173,2018-08-12T01:30:47.173Z,buy,7.04e-06,2081.0,0.01465024
DLT/BTC,1534037449365,2018-08-12T01:30:49.365Z,sell,7.04e-06,267.0,0.0018796800000000001
DLT/BTC,1534037652475,2018-08-12T01:34:12.475Z,buy,6.96e-06,224.0,0.00155904
DLT/BTC,1534037674782,2018-08-12T01:34:34.782Z,sell,6.92e-06,864.0,0.00597888
DLT/BTC,1534037674782,2018-08-12T01:34:34.782Z,sell,6.9e-06,1935.0,0.0133515
DLT/BTC,1534037674796,2018-08-12T01:34:34.796Z,buy,6.9e-06,51.0,0.0003519
DLT/BTC,1534037678181,2018-08-12T01:34:38.181Z,sell,6.89e-06,51.0,0.00035139
DLT/BTC,1534037719962,2018-08-12T01:35:19.962Z,sell,6.91e-06,294.0,0.00203154
DLT/BTC,1534038038491,2018-08-12T01:40:38.491Z,buy,6.92e-06,1206.0,0.00834552
DLT/BTC,1534038039839,2018-08-12T01:40:39.839Z,buy,6.92e-06,461.0,0.00319012
DLT/BTC,1534038042411,2018-08-12T01:40:42.411Z,buy,6.92e-06,461.0,0.00319012
DLT/BTC,1534038044315,2018-08-12T01:40:44.315Z,buy,6.92e-06,438.0,0.00303096
DLT/BTC,1534038045322,2018-08-12T01:40:45.322Z,buy,6.92e-06,804.0,0.00556368
DLT/BTC,1534038083924,2018-08-12T01:41:23.924Z,buy,6.91e-06,597.0,0.00412527
DLT/BTC,1534038083932,2018-08-12T01:41:23.932Z,buy,6.91e-06,3981.0,0.02750871
DLT/BTC,1534038087588,2018-08-12T01:41:27.588Z,buy,6.92e-06,952.0,0.00658784
DLT/BTC,1534038114648,2018-08-12T01:41:54.648Z,sell,6.89e-06,218.0,0.00150202
DLT/BTC,1534038115649,2018-08-12T01:41:55.649Z,buy,6.91e-06,6867.0,0.04745097
DLT/BTC,1534038129168,2018-08-12T01:42:09.168Z,buy,6.91e-06,477.0,0.00329607
DLT/BTC,1534038129168,2018-08-12T01:42:09.168Z,buy,6.91e-06,477.0,0.00329607
DLT/BTC,1534038462101,2018-08-12T01:47:42.101Z,sell,6.89e-06,462.0,0.00318318
DLT/BTC,1534038499076,2018-08-12T01:48:19.076Z,sell,6.88e-06,294.0,0.00202272
DLT/BTC,1534038500239,2018-08-12T01:48:20.239Z,sell,6.88e-06,825.0,0.0056760000000000005
DLT/BTC,1534038584182,2018-08-12T01:49:44.182Z,sell,6.88e-06,66.0,0.00045408
DLT/BTC,1534038584182,2018-08-12T01:49:44.182Z,sell,6.86e-06,906.0,0.00621516
DLT/BTC,1534038584182,2018-08-12T01:49:44.182Z,sell,6.85e-06,4097.0,0.028064449999999998
DLT/BTC,1534038584913,2018-08-12T01:49:44.913Z,buy,6.85e-06,3104.0,0.021262399999999997
DLT/BTC,1534038600045,2018-08-12T01:50:00.045Z,sell,6.84e-06,296.0,0.00202464
DLT/BTC,1534038606009,2018-08-12T01:50:06.009Z,sell,6.84e-06,11.0,7.523999999999999e-05
DLT/BTC,1534038606009,2018-08-12T01:50:06.009Z,sell,6.83e-06,120.0,0.0008196
DLT/BTC,1534038609862,2018-08-12T01:50:09.862Z,buy,6.89e-06,14.0,9.646000000000001e-05
DLT/BTC,1534038645281,2018-08-12T01:50:45.281Z,buy,6.89e-06,46.0,0.00031694
DLT/BTC,1534038659796,2018-08-12T01:50:59.796Z,sell,6.83e-06,296.0,0.00202168
DLT/BTC,1534038660454,2018-08-12T01:51:00.454Z,buy,6.87e-06,416.0,0.00285792
DLT/BTC,1534038764804,2018-08-12T01:52:44.804Z,buy,6.9e-06,4.0,2.76e-05
DLT/BTC,1534038768637,2018-08-12T01:52:48.637Z,sell,6.82e-06,990.0,0.0067518
DLT/BTC,1534038768692,2018-08-12T01:52:48.692Z,buy,6.82e-06,10.0,6.82e-05
DLT/BTC,1534038770519,2018-08-12T01:52:50.519Z,sell,6.81e-06,1.0,6.81e-06
DLT/BTC,1534038777802,2018-08-12T01:52:57.802Z,buy,6.89e-06,4.0,2.756e-05
DLT/BTC,1534038800749,2018-08-12T01:53:20.749Z,buy,6.89e-06,975.0,0.00671775
DLT/BTC,1534038853844,2018-08-12T01:54:13.844Z,buy,6.85e-06,3003.0,0.02057055
DLT/BTC,1534039672645,2018-08-12T02:07:52.645Z,buy,6.89e-06,8.0,5.512e-05
DLT/BTC,1534040198587,2018-08-12T02:16:38.587Z,buy,6.89e-06,725.0,0.00499525
DLT/BTC,1534040201091,2018-08-12T02:16:41.091Z,buy,6.89e-06,181.0,0.00124709
DLT/BTC,1534040211045,2018-08-12T02:16:51.045Z,buy,6.9e-06,565.0,0.0038985
DLT/BTC,1534040238766,2018-08-12T02:17:18.766Z,buy,6.91e-06,145.0,0.00100195
DLT/BTC,1534040238766,2018-08-12T02:17:18.766Z,buy,6.97e-06,290.0,0.0020213
DLT/BTC,1534040428399,2018-08-12T02:20:28.399Z,buy,6.95e-06,5.0,3.4750000000000004e-05
DLT/BTC,1534041021398,2018-08-12T02:30:21.398Z,buy,6.95e-06,4.0,2.78e-05
DLT/BTC,1534041334989,2018-08-12T02:35:34.989Z,sell,6.91e-06,430.0,0.0029713
DLT/BTC,1534041335282,2018-08-12T02:35:35.282Z,buy,6.89e-06,899.0,0.00619411
DLT/BTC,1534041335286,2018-08-12T02:35:35.286Z,buy,6.89e-06,944.0,0.00650416
DLT/BTC,1534041335503,2018-08-12T02:35:35.503Z,sell,6.88e-06,892.0,0.00613696
DLT/BTC,1534041337919,2018-08-12T02:35:37.919Z,buy,6.92e-06,287.0,0.00198604
DLT/BTC,1534041339549,2018-08-12T02:35:39.549Z,buy,6.92e-06,221.0,0.00152932
DLT/BTC,1534041339627,2018-08-12T02:35:39.627Z,sell,6.92e-06,517.0,0.00357764
DLT/BTC,1534041364424,2018-08-12T02:36:04.424Z,sell,6.89e-06,384.0,0.00264576
DLT/BTC,1534041529096,2018-08-12T02:38:49.096Z,sell,6.88e-06,5.0,3.44e-05
DLT/BTC,1534041556560,2018-08-12T02:39:16.560Z,buy,6.96e-06,10.0,6.96e-05
DLT/BTC,1534041556560,2018-08-12T02:39:16.560Z,buy,6.96e-06,10.0,6.96e-05
DLT/BTC,1534041890531,2018-08-12T02:44:50.531Z,buy,6.96e-06,2.0,1.392e-05
DLT/BTC,1534042196498,2018-08-12T02:49:56.498Z,sell,6.88e-06,35.0,0.0002408
DLT/BTC,1534042226858,2018-08-12T02:50:26.858Z,buy,6.92e-06,2.0,1.384e-05
DLT/BTC,1534042236845,2018-08-12T02:50:36.845Z,sell,6.91e-06,2090.0,0.0144419
DLT/BTC,1534042244072,2018-08-12T02:50:44.072Z,sell,6.88e-06,595.0,0.0040936
DLT/BTC,1534042266883,2018-08-12T02:51:06.883Z,buy,6.92e-06,218.0,0.00150856
DLT/BTC,1534043303566,2018-08-12T03:08:23.566Z,buy,6.92e-06,4.0,2.768e-05
DLT/BTC,1534043305073,2018-08-12T03:08:25.073Z,buy,6.92e-06,756.0,0.00523152
DLT/BTC,1534044149426,2018-08-12T03:22:29.426Z,buy,6.94e-06,2.0,1.388e-05
DLT/BTC,1534044149426,2018-08-12T03:22:29.426Z,buy,6.94e-06,2.0,1.388e-05
DLT/BTC,1534045489788,2018-08-12T03:44:49.788Z,buy,6.94e-06,1.0,6.94e-06
DLT/BTC,1534045862652,2018-08-12T03:51:02.652Z,sell,6.89e-06,7.0,4.8230000000000004e-05
DLT/BTC,1534045872753,2018-08-12T03:51:12.753Z,sell,6.89e-06,3.0,2.067e-05
DLT/BTC,1534046977408,2018-08-12T04:09:37.408Z,buy,6.94e-06,2.0,1.388e-05
DLT/BTC,1534046977408,2018-08-12T04:09:37.408Z,buy,6.94e-06,2.0,1.388e-05
DLT/BTC,1534048165356,2018-08-12T04:29:25.356Z,buy,6.94e-06,216.0,0.0014990399999999999
DLT/BTC,1534048768038,2018-08-12T04:39:28.038Z,buy,6.93e-06,150.0,0.0010395
DLT/BTC,1534048805360,2018-08-12T04:40:05.360Z,buy,6.96e-06,150.0,0.001044
DLT/BTC,1534048805360,2018-08-12T04:40:05.360Z,buy,6.97e-06,174.0,0.00121278
DLT/BTC,1534048805360,2018-08-12T04:40:05.360Z,buy,6.98e-06,108.0,0.00075384
DLT/BTC,1534049271572,2018-08-12T04:47:51.572Z,sell,6.93e-06,151.0,0.0010464299999999999
DLT/BTC,1534049402562,2018-08-12T04:50:02.562Z,sell,6.91e-06,2.0,1.382e-05
DLT/BTC,1534049418808,2018-08-12T04:50:18.808Z,buy,6.94e-06,7.0,4.858e-05
DLT/BTC,1534049796692,2018-08-12T04:56:36.692Z,buy,6.94e-06,143.0,0.00099242
DLT/BTC,1534049797428,2018-08-12T04:56:37.428Z,sell,6.94e-06,11.0,7.633999999999999e-05
DLT/BTC,1534049837675,2018-08-12T04:57:17.675Z,sell,6.89e-06,727.0,0.00500903
DLT/BTC,1534050166549,2018-08-12T05:02:46.549Z,buy,6.92e-06,145.0,0.0010034
DLT/BTC,1534050195673,2018-08-12T05:03:15.673Z,sell,6.92e-06,809.0,0.00559828
DLT/BTC,1534050434451,2018-08-12T05:07:14.451Z,buy,6.92e-06,1.0,6.92e-06
DLT/BTC,1534050434451,2018-08-12T05:07:14.451Z,buy,6.92e-06,1.0,6.92e-06
DLT/BTC,1534052529887,2018-08-12T05:42:09.887Z,sell,6.9e-06,634.0,0.0043746
DLT/BTC,1534052529887,2018-08-12T05:42:09.887Z,sell,6.88e-06,146.0,0.00100448
DLT/BTC,1534052529887,2018-08-12T05:42:09.887Z,sell,6.86e-06,634.0,0.00434924
DLT/BTC,1534052654960,2018-08-12T05:44:14.960Z,sell,6.87e-06,430.0,0.0029541000000000003
DLT/BTC,1534052688813,2018-08-12T05:44:48.813Z,buy,6.91e-06,2.0,1.382e-05
DLT/BTC,1534053005498,2018-08-12T05:50:05.498Z,sell,6.85e-06,8.0,5.48e-05
DLT/BTC,1534053081903,2018-08-12T05:51:21.903Z,buy,6.91e-06,4.0,2.764e-05
DLT/BTC,1534053293890,2018-08-12T05:54:53.890Z,buy,6.91e-06,628.0,0.00433948
DLT/BTC,1534053293890,2018-08-12T05:54:53.890Z,buy,6.91e-06,628.0,0.00433948
DLT/BTC,1534054086525,2018-08-12T06:08:06.525Z,buy,6.92e-06,1.0,6.92e-06
DLT/BTC,1534054461475,2018-08-12T06:14:21.475Z,buy,6.92e-06,953.0,0.00659476
DLT/BTC,1534055149223,2018-08-12T06:25:49.223Z,sell,6.92e-06,7427.0,0.05139484
DLT/BTC,1534056136516,2018-08-12T06:42:16.516Z,buy,6.93e-06,503.0,0.00348579
DLT/BTC,1534056157604,2018-08-12T06:42:37.604Z,buy,6.94e-06,274.0,0.0019015599999999998
DLT/BTC,1534056186628,2018-08-12T06:43:06.628Z,sell,6.94e-06,3.0,2.082e-05
DLT/BTC,1534056197900,2018-08-12T06:43:17.900Z,buy,6.98e-06,36.0,0.00025128
DLT/BTC,1534056197900,2018-08-12T06:43:17.900Z,buy,7.02e-06,287.0,0.00201474
DLT/BTC,1534056197900,2018-08-12T06:43:17.900Z,buy,7.04e-06,109.0,0.00076736
DLT/BTC,1534056631283,2018-08-12T06:50:31.283Z,sell,7e-06,8.0,5.6e-05
DLT/BTC,1534056659070,2018-08-12T06:50:59.070Z,sell,7e-06,76.0,0.000532
DLT/BTC,1534056659477,2018-08-12T06:50:59.477Z,buy,7.04e-06,34.0,0.00023936
DLT/BTC,1534056659498,2018-08-12T06:50:59.498Z,sell,7.04e-06,4938.0,0.03476352
DLT/BTC,1534056659502,2018-08-12T06:50:59.502Z,sell,7.04e-06,900.0,0.0063360000000000005
DLT/BTC,1534056659520,2018-08-12T06:50:59.520Z,sell,7.04e-06,980.0,0.0068992
DLT/BTC,1534056659524,2018-08-12T06:50:59.524Z,sell,7.04e-06,146.0,0.0010278400000000001
DLT/BTC,1534056659875,2018-08-12T06:50:59.875Z,sell,7.04e-06,3650.0,0.025696
DLT/BTC,1534056674886,2018-08-12T06:51:14.886Z,sell,7e-06,261.0,0.001827
DLT/BTC,1534056721644,2018-08-12T06:52:01.644Z,buy,7.05e-06,736.0,0.0051888
DLT/BTC,1534056804288,2018-08-12T06:53:24.288Z,sell,7e-06,429.0,0.003003
DLT/BTC,1534056807887,2018-08-12T06:53:27.887Z,sell,6.99e-06,859.0,0.00600441
DLT/BTC,1534056844030,2018-08-12T06:54:04.030Z,sell,6.99e-06,296.0,0.00206904
DLT/BTC,1534056844030,2018-08-12T06:54:04.030Z,sell,6.99e-06,296.0,0.00206904
DLT/BTC,1534057061406,2018-08-12T06:57:41.406Z,sell,6.96e-06,708.0,0.00492768
DLT/BTC,1534057690595,2018-08-12T07:08:10.595Z,buy,6.98e-06,1.0,6.98e-06
DLT/BTC,1534057767705,2018-08-12T07:09:27.705Z,buy,6.98e-06,1392.0,0.00971616
DLT/BTC,1534058415187,2018-08-12T07:20:15.187Z,sell,6.99e-06,3.0,2.097e-05
DLT/BTC,1534058781888,2018-08-12T07:26:21.888Z,sell,6.97e-06,501.0,0.00349197
DLT/BTC,1534058823289,2018-08-12T07:27:03.289Z,sell,6.93e-06,81.0,0.00056133
DLT/BTC,1534058982113,2018-08-12T07:29:42.113Z,sell,6.93e-06,50.0,0.00034649999999999997
DLT/BTC,1534058993543,2018-08-12T07:29:53.543Z,sell,6.93e-06,1.0,6.93e-06
DLT/BTC,1534059624934,2018-08-12T07:40:24.934Z,sell,6.95e-06,2221.0,0.01543595
DLT/BTC,1534059624979,2018-08-12T07:40:24.979Z,buy,6.93e-06,900.0,0.0062369999999999995
DLT/BTC,1534059838889,2018-08-12T07:43:58.889Z,sell,6.93e-06,1.0,6.93e-06
DLT/BTC,1534059910349,2018-08-12T07:45:10.349Z,sell,6.93e-06,756.0,0.00523908
DLT/BTC,1534060200054,2018-08-12T07:50:00.054Z,sell,6.92e-06,419.0,0.00289948
DLT/BTC,1534060237348,2018-08-12T07:50:37.348Z,buy,7e-06,5.0,3.5e-05
DLT/BTC,1534060251938,2018-08-12T07:50:51.938Z,buy,7e-06,31.0,0.000217
DLT/BTC,1534060392740,2018-08-12T07:53:12.740Z,sell,6.94e-06,144.0,0.00099936
DLT/BTC,1534060399769,2018-08-12T07:53:19.769Z,sell,6.94e-06,140.0,0.0009716
DLT/BTC,1534060399769,2018-08-12T07:53:19.769Z,sell,6.94e-06,140.0,0.0009716
DLT/BTC,1534062363675,2018-08-12T08:26:03.675Z,sell,6.95e-06,42.0,0.0002919
DLT/BTC,1534062439209,2018-08-12T08:27:19.209Z,sell,6.95e-06,84.0,0.0005838
DLT/BTC,1534063110788,2018-08-12T08:38:30.788Z,sell,6.95e-06,24.0,0.00016680000000000002
DLT/BTC,1534063143827,2018-08-12T08:39:03.827Z,sell,6.94e-06,151.0,0.00104794
DLT/BTC,1534063143827,2018-08-12T08:39:03.827Z,sell,6.92e-06,534.0,0.00369528
DLT/BTC,1534063164827,2018-08-12T08:39:24.827Z,sell,6.92e-06,17.0,0.00011763999999999999
DLT/BTC,1534063172356,2018-08-12T08:39:32.356Z,sell,6.92e-06,650.0,0.004498
DLT/BTC,1534063204377,2018-08-12T08:40:04.377Z,sell,6.89e-06,467.0,0.00321763
DLT/BTC,1534063225389,2018-08-12T08:40:25.389Z,sell,6.9e-06,56.0,0.0003864
DLT/BTC,1534063226634,2018-08-12T08:40:26.634Z,sell,6.9e-06,20.0,0.000138
DLT/BTC,1534063226877,2018-08-12T08:40:26.877Z,sell,6.9e-06,58.0,0.0004002
DLT/BTC,1534063326903,2018-08-12T08:42:06.903Z,sell,6.89e-06,16.0,0.00011024
DLT/BTC,1534063488986,2018-08-12T08:44:48.986Z,buy,6.95e-06,1.0,6.95e-06
DLT/BTC,1534063833485,2018-08-12T08:50:33.485Z,buy,6.97e-06,1.0,6.97e-06
DLT/BTC,1534063835058,2018-08-12T08:50:35.058Z,buy,6.97e-06,21.0,0.00014637
DLT/BTC,1534063962963,2018-08-12T08:52:42.963Z,sell,6.93e-06,4300.0,0.029799
DLT/BTC,1534063962963,2018-08-12T08:52:42.963Z,sell,6.93e-06,4300.0,0.029799
DLT/BTC,1534064956944,2018-08-12T09:09:16.944Z,buy,6.99e-06,500.0,0.003495
DLT/BTC,1534065065660,2018-08-12T09:11:05.660Z,sell,6.98e-06,781.0,0.0054513800000000005
DLT/BTC,1534065170608,2018-08-12T09:12:50.608Z,buy,6.99e-06,960.0,0.0067104
DLT/BTC,1534065594023,2018-08-12T09:19:54.023Z,buy,7e-06,555.0,0.003885
DLT/BTC,1534065594042,2018-08-12T09:19:54.042Z,sell,7e-06,979.0,0.006853
DLT/BTC,1534065594064,2018-08-12T09:19:54.064Z,sell,7e-06,366.0,0.002562
DLT/BTC,1534065678939,2018-08-12T09:21:18.939Z,sell,7e-06,1358.0,0.009506
DLT/BTC,1534066050058,2018-08-12T09:27:30.058Z,buy,7.01e-06,501.0,0.00351201
DLT/BTC,1534066116804,2018-08-12T09:28:36.804Z,sell,7.01e-06,151.0,0.00105851
DLT/BTC,1534066767443,2018-08-12T09:39:27.443Z,buy,7.03e-06,555.0,0.00390165
DLT/BTC,1534066950008,2018-08-12T09:42:30.008Z,buy,7.03e-06,261.0,0.00183483
DLT/BTC,1534066950780,2018-08-12T09:42:30.780Z,sell,7.03e-06,10352.0,0.07277456
DLT/BTC,1534066950780,2018-08-12T09:42:30.780Z,sell,7.03e-06,10352.0,0.07277456
DLT/BTC,1534067927448,2018-08-12T09:58:47.448Z,sell,7.01e-06,549.0,0.00384849
DLT/BTC,1534067927992,2018-08-12T09:58:47.992Z,sell,7e-06,1155.0,0.008085
DLT/BTC,1534068005069,2018-08-12T10:00:05.069Z,sell,6.97e-06,501.0,0.00349197
DLT/BTC,1534068005249,2018-08-12T10:00:05.249Z,buy,6.97e-06,901.0,0.00627997
DLT/BTC,1534068006278,2018-08-12T10:00:06.278Z,buy,6.97e-06,208.0,0.00144976
DLT/BTC,1534068471062,2018-08-12T10:07:51.062Z,sell,6.98e-06,162.0,0.00113076
DLT/BTC,1534068528061,2018-08-12T10:08:48.061Z,sell,6.96e-06,265.0,0.0018444000000000002
DLT/BTC,1534068750883,2018-08-12T10:12:30.883Z,sell,6.91e-06,109.0,0.0007531899999999999
DLT/BTC,1534068957169,2018-08-12T10:15:57.169Z,buy,6.95e-06,399.0,0.00277305
DLT/BTC,1534069062457,2018-08-12T10:17:42.457Z,buy,6.96e-06,1.0,6.96e-06
DLT/BTC,1534069089699,2018-08-12T10:18:09.699Z,sell,6.91e-06,3609.0,0.02493819
DLT/BTC,1534069089699,2018-08-12T10:18:09.699Z,sell,6.9e-06,5393.0,0.0372117
DLT/BTC,1534069726925,2018-08-12T10:28:46.925Z,buy,6.95e-06,4.0,2.78e-05
DLT/BTC,1534069730643,2018-08-12T10:28:50.643Z,buy,6.95e-06,1.0,6.95e-06
DLT/BTC,1534069821241,2018-08-12T10:30:21.241Z,sell,6.92e-06,150.0,0.001038
DLT/BTC,1534069868244,2018-08-12T10:31:08.244Z,sell,6.92e-06,500.0,0.00346
DLT/BTC,1534069949356,2018-08-12T10:32:29.356Z,sell,6.92e-06,500.0,0.00346
DLT/BTC,1534070074213,2018-08-12T10:34:34.213Z,buy,6.93e-06,63.0,0.00043659
DLT/BTC,1534070328986,2018-08-12T10:38:48.986Z,buy,6.93e-06,8.0,5.544e-05
DLT/BTC,1534070328986,2018-08-12T10:38:48.986Z,buy,6.93e-06,8.0,5.544e-05
DLT/BTC,1534070561708,2018-08-12T10:42:41.708Z,buy,6.93e-06,8.0,5.544e-05
DLT/BTC,1534070603897,2018-08-12T10:43:23.897Z,buy,6.93e-06,5.0,3.465e-05
DLT/BTC,1534071202838,2018-08-12T10:53:22.838Z,buy,6.93e-06,1.0,6.93e-06
DLT/BTC,1534071267327,2018-08-12T10:54:27.327Z,buy,6.93e-06,2.0,1.386e-05
DLT/BTC,1534071395357,2018-08-12T10:56:35.357Z,sell,6.91e-06,142.0,0.00098122
DLT/BTC,1534072767246,2018-08-12T11:19:27.246Z,buy,6.93e-06,2.0,1.386e-05
DLT/BTC,1534072770259,2018-08-12T11:19:30.259Z,buy,6.93e-06,1.0,6.93e-06
DLT/BTC,1534073594352,2018-08-12T11:33:14.352Z,buy,6.93e-06,1.0,6.93e-06
DLT/BTC,1534073855326,2018-08-12T11:37:35.326Z,sell,6.92e-06,429.0,0.00296868
DLT/BTC,1534073855326,2018-08-12T11:37:35.326Z,sell,6.92e-06,429.0,0.00296868
DLT/BTC,1534074008959,2018-08-12T11:40:08.959Z,buy,6.93e-06,164.0,0.00113652
DLT/BTC,1534074118771,2018-08-12T11:41:58.771Z,buy,6.94e-06,247.0,0.0017141799999999998
DLT/BTC,1534074136659,2018-08-12T11:42:16.659Z,buy,6.94e-06,344.0,0.00238736
DLT/BTC,1534074628129,2018-08-12T11:50:28.129Z,sell,6.93e-06,3.0,2.079e-05
DLT/BTC,1534075109994,2018-08-12T11:58:29.994Z,buy,6.94e-06,1.0,6.94e-06
DLT/BTC,1534075155401,2018-08-12T11:59:15.401Z,buy,6.94e-06,38.0,0.00026372
DLT/BTC,1534075158687,2018-08-12T11:59:18.687Z,sell,6.93e-06,145.0,0.00100485
DLT/BTC,1534075170185,2018-08-12T11:59:30.185Z,buy,6.98e-06,1.0,6.98e-06
DLT/BTC,1534075561033,2018-08-12T12:06:01.033Z,sell,6.93e-06,151.0,0.0010464299999999999
DLT/BTC,1534076187981,2018-08-12T12:16:27.981Z,sell,6.93e-06,1.0,6.93e-06
DLT/BTC,1534076203375,2018-08-12T12:16:43.375Z,buy,6.97e-06,1.0,6.97e-06
DLT/BTC,1534077227808,2018-08-12T12:33:47.808Z,buy,6.97e-06,257.0,0.00179129
DLT/BTC,1534077227808,2018-08-12T12:33:47.808Z,buy,6.97e-06,257.0,0.00179129
DLT/BTC,1534077741626,2018-08-12T12:42:21.626Z,sell,6.93e-06,190.0,0.0013166999999999999
DLT/BTC,1534077797266,2018-08-12T12:43:17.266Z,buy,6.97e-06,1803.0,0.01256691
DLT/BTC,1534077853049,2018-08-12T12:44:13.049Z,buy,6.98e-06,833.0,0.00581434
DLT/BTC,1534077877098,2018-08-12T12:44:37.098Z,buy,6.99e-06,995.0,0.00695505
DLT/BTC,1534077945721,2018-08-12T12:45:45.721Z,buy,7.01e-06,1.0,7.01e-06
DLT/BTC,1534078142218,2018-08-12T12:49:02.218Z,buy,7.01e-06,335.0,0.00234835
DLT/BTC,1534078190369,2018-08-12T12:49:50.369Z,sell,6.95e-06,83.0,0.0005768500000000001
DLT/BTC,1534078265634,2018-08-12T12:51:05.634Z,buy,7.01e-06,21.0,0.00014721
DLT/BTC,1534078310005,2018-08-12T12:51:50.005Z,sell,6.96e-06,6.0,4.176e-05
DLT/BTC,1534078410421,2018-08-12T12:53:30.421Z,sell,6.94e-06,6.0,4.164e-05
DLT/BTC,1534078427188,2018-08-12T12:53:47.188Z,sell,6.94e-06,1.0,6.94e-06
DLT/BTC,1534078441820,2018-08-12T12:54:01.820Z,buy,7.01e-06,1.0,7.01e-06
DLT/BTC,1534078486888,2018-08-12T12:54:46.888Z,buy,7.01e-06,15.0,0.00010515
DLT/BTC,1534078773927,2018-08-12T12:59:33.927Z,buy,7.01e-06,128.0,0.00089728
DLT/BTC,1534078773947,2018-08-12T12:59:33.947Z,sell,7.01e-06,5533.0,0.03878633
DLT/BTC,1534078840066,2018-08-12T13:00:40.066Z,sell,6.95e-06,432.0,0.0030024
DLT/BTC,1534078840066,2018-08-12T13:00:40.066Z,sell,6.94e-06,1476.0,0.01024344
DLT/BTC,1534078880917,2018-08-12T13:01:20.917Z,sell,6.93e-06,1506.0,0.010436579999999999
DLT/BTC,1534079019217,2018-08-12T13:03:39.217Z,sell,6.93e-06,432.0,0.00299376
DLT/BTC,1534079047249,2018-08-12T13:04:07.249Z,buy,6.97e-06,144.0,0.00100368
DLT/BTC,1534079345980,2018-08-12T13:09:05.980Z,sell,6.93e-06,144.0,0.00099792
DLT/BTC,1534079360464,2018-08-12T13:09:20.464Z,buy,6.97e-06,1.0,6.97e-06
DLT/BTC,1534079551942,2018-08-12T13:12:31.942Z,buy,6.97e-06,823.0,0.0057363100000000005
DLT/BTC,1534079551942,2018-08-12T13:12:31.942Z,buy,6.98e-06,503.0,0.00351094
DLT/BTC,1534079551942,2018-08-12T13:12:31.942Z,buy,7.07e-06,108.0,0.00076356
DLT/BTC,1534079954443,2018-08-12T13:19:14.443Z,sell,6.98e-06,9.0,6.282e-05
DLT/BTC,1534080009344,2018-08-12T13:20:09.344Z,buy,7.05e-06,1.0,7.05e-06
DLT/BTC,1534080079461,2018-08-12T13:21:19.461Z,sell,6.98e-06,354.0,0.00247092
DLT/BTC,1534080247163,2018-08-12T13:24:07.163Z,buy,6.98e-06,143.0,0.00099814
DLT/BTC,1534080701273,2018-08-12T13:31:41.273Z,buy,7.02e-06,3.0,2.1059999999999998e-05
DLT/BTC,1534080701273,2018-08-12T13:31:41.273Z,buy,7.02e-06,3.0,2.1059999999999998e-05
DLT/BTC,1534080856111,2018-08-12T13:34:16.111Z,sell,7.01e-06,55684.0,0.39034483999999997
DLT/BTC,1534080954321,2018-08-12T13:35:54.321Z,sell,7.01e-06,800.0,0.005608
DLT/BTC,1534081091678,2018-08-12T13:38:11.678Z,sell,7.01e-06,2742.0,0.01922142
DLT/BTC,1534081145079,2018-08-12T13:39:05.079Z,sell,7.01e-06,143.0,0.00100243
DLT/BTC,1534081373587,2018-08-12T13:42:53.587Z,sell,7.01e-06,1069.0,0.00749369
DLT/BTC,1534081431921,2018-08-12T13:43:51.921Z,sell,6.97e-06,5.0,3.485e-05
DLT/BTC,1534081862532,2018-08-12T13:51:02.532Z,sell,6.98e-06,34.0,0.00023732
DLT/BTC,1534081887679,2018-08-12T13:51:27.679Z,sell,6.98e-06,5.0,3.49e-05
DLT/BTC,1534082433235,2018-08-12T14:00:33.235Z,sell,6.98e-06,224.0,0.00156352
DLT/BTC,1534082433235,2018-08-12T14:00:33.235Z,sell,6.97e-06,23.0,0.00016031000000000002
DLT/BTC,1534082636297,2018-08-12T14:03:56.297Z,sell,6.97e-06,560.0,0.0039032
DLT/BTC,1534082636297,2018-08-12T14:03:56.297Z,sell,6.96e-06,223.0,0.0015520800000000002
DLT/BTC,1534082636297,2018-08-12T14:03:56.297Z,sell,6.93e-06,3004.0,0.020817719999999998
DLT/BTC,1534083464791,2018-08-12T14:17:44.791Z,sell,6.98e-06,150.0,0.001047
DLT/BTC,1534083561019,2018-08-12T14:19:21.019Z,buy,6.99e-06,1.0,6.99e-06
DLT/BTC,1534084040815,2018-08-12T14:27:20.815Z,sell,6.93e-06,639.0,0.00442827
DLT/BTC,1534084040815,2018-08-12T14:27:20.815Z,sell,6.93e-06,639.0,0.00442827
DLT/BTC,1534084978071,2018-08-12T14:42:58.071Z,sell,6.94e-06,900.0,0.006246
DLT/BTC,1534084980155,2018-08-12T14:43:00.155Z,sell,6.94e-06,300.0,0.002082
DLT/BTC,1534084988104,2018-08-12T14:43:08.104Z,sell,6.94e-06,1295.0,0.0089873
DLT/BTC,1534085119465,2018-08-12T14:45:19.465Z,buy,6.99e-06,1.0,6.99e-06
DLT/BTC,1534085364907,2018-08-12T14:49:24.907Z,buy,6.99e-06,159.0,0.00111141
DLT/BTC,1534085462883,2018-08-12T14:51:02.883Z,sell,6.99e-06,20.0,0.0001398
DLT/BTC,1534086125537,2018-08-12T15:02:05.537Z,sell,6.95e-06,74.0,0.0005143
DLT/BTC,1534086247558,2018-08-12T15:04:07.558Z,buy,7e-06,144.0,0.001008
DLT/BTC,1534086546463,2018-08-12T15:09:06.463Z,sell,6.95e-06,144.0,0.0010008
DLT/BTC,1534086847778,2018-08-12T15:14:07.778Z,buy,6.99e-06,144.0,0.00100656
DLT/BTC,1534086989133,2018-08-12T15:16:29.133Z,sell,6.95e-06,797.0,0.0055391500000000005
DLT/BTC,1534086989133,2018-08-12T15:16:29.133Z,sell,6.94e-06,2314.0,0.01605916
DLT/BTC,1534086989133,2018-08-12T15:16:29.133Z,sell,6.93e-06,2213.0,0.01533609
DLT/BTC,1534086989133,2018-08-12T15:16:29.133Z,sell,6.92e-06,11823.0,0.08181516
DLT/BTC,1534087174597,2018-08-12T15:19:34.597Z,buy,6.93e-06,2.0,1.386e-05
DLT/BTC,1534087344357,2018-08-12T15:22:24.357Z,buy,6.93e-06,2004.0,0.01388772
DLT/BTC,1534087344357,2018-08-12T15:22:24.357Z,buy,6.93e-06,2004.0,0.01388772
DLT/BTC,1534087836768,2018-08-12T15:30:36.768Z,buy,6.99e-06,3.0,2.097e-05
DLT/BTC,1534088293289,2018-08-12T15:38:13.289Z,sell,6.93e-06,149.0,0.00103257
DLT/BTC,1534088475048,2018-08-12T15:41:15.048Z,sell,6.93e-06,1.0,6.93e-06
DLT/BTC,1534088792708,2018-08-12T15:46:32.708Z,buy,6.99e-06,1.0,6.99e-06
DLT/BTC,1534088873534,2018-08-12T15:47:53.534Z,buy,6.98e-06,160.0,0.0011168
DLT/BTC,1534088873534,2018-08-12T15:47:53.534Z,buy,6.99e-06,2.0,1.398e-05
DLT/BTC,1534088874891,2018-08-12T15:47:54.891Z,sell,6.99e-06,160.0,0.0011184
DLT/BTC,1534089045346,2018-08-12T15:50:45.346Z,sell,6.99e-06,4.0,2.796e-05
DLT/BTC,1534089090992,2018-08-12T15:51:30.992Z,buy,7e-06,5.0,3.5e-05
DLT/BTC,1534089094530,2018-08-12T15:51:34.530Z,buy,7e-06,145.0,0.001015
DLT/BTC,1534089097886,2018-08-12T15:51:37.886Z,buy,7.01e-06,593.0,0.00415693
DLT/BTC,1534089261066,2018-08-12T15:54:21.066Z,sell,6.99e-06,63.0,0.00044037
DLT/BTC,1534089840731,2018-08-12T16:04:00.731Z,buy,7.01e-06,1149.0,0.00805449
DLT/BTC,1534089840755,2018-08-12T16:04:00.755Z,buy,7.02e-06,3184.0,0.02235168
DLT/BTC,1534089840761,2018-08-12T16:04:00.761Z,buy,7.02e-06,5.0,3.51e-05
DLT/BTC,1534089840863,2018-08-12T16:04:00.863Z,sell,7.03e-06,217.0,0.0015255099999999999
DLT/BTC,1534089840998,2018-08-12T16:04:00.998Z,sell,7.03e-06,481.0,0.00338143
DLT/BTC,1534089841882,2018-08-12T16:04:01.882Z,buy,7.05e-06,1.0,7.05e-06
DLT/BTC,1534089841931,2018-08-12T16:04:01.931Z,sell,7.03e-06,1.0,7.03e-06
DLT/BTC,1534089841931,2018-08-12T16:04:01.931Z,sell,7.03e-06,1.0,7.03e-06
DLT/BTC,1534091431088,2018-08-12T16:30:31.088Z,sell,7e-06,1.0,7e-06
DLT/BTC,1534091460187,2018-08-12T16:31:00.187Z,sell,7e-06,1.0,7e-06
DLT/BTC,1534091465752,2018-08-12T16:31:05.752Z,buy,7.03e-06,150.0,0.0010544999999999999
DLT/BTC,1534091465752,2018-08-12T16:31:05.752Z,buy,7.04e-06,160.0,0.0011264
DLT/BTC,1534091465752,2018-08-12T16:31:05.752Z,buy,7.05e-06,483.0,0.00340515
DLT/BTC,1534091465790,2018-08-12T16:31:05.790Z,sell,7.06e-06,7.0,4.942e-05
DLT/BTC,1534091511284,2018-08-12T16:31:51.284Z,sell,7e-06,965.0,0.006755
DLT/BTC,1534091511284,2018-08-12T16:31:51.284Z,sell,6.99e-06,6735.0,0.04707765
DLT/BTC,1534092287395,2018-08-12T16:44:47.395Z,sell,6.99e-06,1.0,6.99e-06
DLT/BTC,1534092646111,2018-08-12T16:50:46.111Z,buy,7.01e-06,2.0,1.402e-05
DLT/BTC,1534092646921,2018-08-12T16:50:46.921Z,buy,7.01e-06,1.0,7.01e-06
DLT/BTC,1534092952916,2018-08-12T16:55:52.916Z,sell,6.99e-06,185.0,0.00129315
DLT/BTC,1534093019490,2018-08-12T16:56:59.490Z,buy,7.06e-06,188.0,0.0013272800000000001
DLT/BTC,1534093071028,2018-08-12T16:57:51.028Z,sell,7e-06,429.0,0.003003
DLT/BTC,1534093177698,2018-08-12T16:59:37.698Z,sell,6.99e-06,699.0,0.00488601
DLT/BTC,1534093177698,2018-08-12T16:59:37.698Z,sell,6.99e-06,699.0,0.00488601
DLT/BTC,1534093673756,2018-08-12T17:07:53.756Z,sell,7e-06,2988.0,0.020916
DLT/BTC,1534093845716,2018-08-12T17:10:45.716Z,sell,7e-06,62.0,0.000434
DLT/BTC,1534094571926,2018-08-12T17:22:51.926Z,buy,7.06e-06,2687.0,0.01897022
DLT/BTC,1534094663963,2018-08-12T17:24:23.963Z,sell,7.06e-06,3047.0,0.02151182
DLT/BTC,1534094685000,2018-08-12T17:24:45.000Z,sell,7.06e-06,2349.0,0.016583940000000002
DLT/BTC,1534094753643,2018-08-12T17:25:53.643Z,sell,7.06e-06,1185.0,0.0083661
DLT/BTC,1534095040534,2018-08-12T17:30:40.534Z,sell,7.01e-06,2.0,1.402e-05
DLT/BTC,1534095070686,2018-08-12T17:31:10.686Z,sell,7e-06,2.0,1.4e-05
DLT/BTC,1534095112781,2018-08-12T17:31:52.781Z,sell,7e-06,226.0,0.001582
DLT/BTC,1534095112781,2018-08-12T17:31:52.781Z,sell,6.99e-06,702.0,0.00490698
DLT/BTC,1534095114432,2018-08-12T17:31:54.432Z,buy,6.99e-06,160.0,0.0011184
DLT/BTC,1534095117325,2018-08-12T17:31:57.325Z,buy,6.98e-06,160.0,0.0011168
DLT/BTC,1534095118950,2018-08-12T17:31:58.950Z,buy,6.99e-06,1.0,6.99e-06
DLT/BTC,1534095369388,2018-08-12T17:36:09.388Z,sell,6.94e-06,160.0,0.0011103999999999999
DLT/BTC,1534095369388,2018-08-12T17:36:09.388Z,sell,6.93e-06,460.0,0.0031877999999999997
DLT/BTC,1534095369388,2018-08-12T17:36:09.388Z,sell,6.92e-06,500.0,0.00346
DLT/BTC,1534095369475,2018-08-12T17:36:09.475Z,buy,6.92e-06,1961.0,0.01357012
DLT/BTC,1534095370044,2018-08-12T17:36:10.044Z,buy,6.92e-06,2399.0,0.01660108
DLT/BTC,1534095389485,2018-08-12T17:36:29.485Z,sell,6.91e-06,1195.0,0.00825745
DLT/BTC,1534095790732,2018-08-12T17:43:10.732Z,buy,6.92e-06,5.0,3.46e-05
DLT/BTC,1534095902988,2018-08-12T17:45:02.988Z,sell,6.93e-06,731.0,0.0050658299999999995
DLT/BTC,1534095928472,2018-08-12T17:45:28.472Z,buy,6.95e-06,3.0,2.0850000000000002e-05
DLT/BTC,1534096080946,2018-08-12T17:48:00.946Z,sell,6.93e-06,1794.0,0.01243242
DLT/BTC,1534096265502,2018-08-12T17:51:05.502Z,buy,6.95e-06,4.0,2.78e-05
DLT/BTC,1534096344298,2018-08-12T17:52:24.298Z,buy,6.95e-06,42.0,0.0002919
DLT/BTC,1534096344298,2018-08-12T17:52:24.298Z,buy,6.95e-06,42.0,0.0002919
DLT/BTC,1534096989593,2018-08-12T18:03:09.593Z,buy,6.94e-06,630.0,0.0043722
DLT/BTC,1534097051929,2018-08-12T18:04:11.929Z,buy,6.95e-06,700.0,0.004865
DLT/BTC,1534097149761,2018-08-12T18:05:49.761Z,buy,6.95e-06,1212.0,0.008423400000000001
DLT/BTC,1534097290238,2018-08-12T18:08:10.238Z,buy,6.96e-06,500.0,0.00348
DLT/BTC,1534097387723,2018-08-12T18:09:47.723Z,sell,6.96e-06,182.0,0.00126672
DLT/BTC,1534097751219,2018-08-12T18:15:51.219Z,buy,6.98e-06,169.0,0.00117962
DLT/BTC,1534097893710,2018-08-12T18:18:13.710Z,buy,6.98e-06,264.0,0.00184272
DLT/BTC,1534097975968,2018-08-12T18:19:35.968Z,buy,7.05e-06,1.0,7.05e-06
DLT/BTC,1534098578242,2018-08-12T18:29:38.242Z,sell,6.99e-06,429.0,0.00299871
DLT/BTC,1534098741574,2018-08-12T18:32:21.574Z,sell,6.98e-06,2.0,1.396e-05
DLT/BTC,1534098773554,2018-08-12T18:32:53.554Z,sell,6.98e-06,328.0,0.0022894400000000002
DLT/BTC,1534099366297,2018-08-12T18:42:46.297Z,sell,7e-06,287.0,0.002009
DLT/BTC,1534099430064,2018-08-12T18:43:50.064Z,sell,7.01e-06,6.0,4.206e-05
DLT/BTC,1534099609755,2018-08-12T18:46:49.755Z,sell,7.02e-06,429.0,0.00301158
DLT/BTC,1534099859625,2018-08-12T18:50:59.625Z,sell,7.03e-06,55.0,0.00038665
DLT/BTC,1534099905134,2018-08-12T18:51:45.134Z,buy,7.05e-06,155.0,0.00109275
DLT/BTC,1534099925671,2018-08-12T18:52:05.671Z,buy,7.06e-06,598.0,0.00422188
DLT/BTC,1534099935204,2018-08-12T18:52:15.204Z,sell,7.03e-06,16.0,0.00011248
DLT/BTC,1534099935204,2018-08-12T18:52:15.204Z,sell,7.03e-06,16.0,0.00011248
DLT/BTC,1534100499028,2018-08-12T19:01:39.028Z,sell,7.04e-06,210.0,0.0014784000000000002
DLT/BTC,1534100510628,2018-08-12T19:01:50.628Z,buy,7.06e-06,838.0,0.00591628
DLT/BTC,1534100658205,2018-08-12T19:04:18.205Z,buy,7.05e-06,160.0,0.001128
DLT/BTC,1534100658205,2018-08-12T19:04:18.205Z,buy,7.06e-06,250.0,0.001765
DLT/BTC,1534100724720,2018-08-12T19:05:24.720Z,sell,7.06e-06,176.0,0.00124256
DLT/BTC,1534100728793,2018-08-12T19:05:28.793Z,sell,7.06e-06,838.0,0.00591628
DLT/BTC,1534101568439,2018-08-12T19:19:28.439Z,sell,7e-06,2.0,1.4e-05
DLT/BTC,1534101970213,2018-08-12T19:26:10.213Z,buy,7.06e-06,837.0,0.00590922
DLT/BTC,1534102346314,2018-08-12T19:32:26.314Z,sell,7e-06,2.0,1.4e-05
DLT/BTC,1534103082139,2018-08-12T19:44:42.139Z,sell,7e-06,169.0,0.001183
DLT/BTC,1534103172411,2018-08-12T19:46:12.411Z,sell,7e-06,1.0,7e-06
DLT/BTC,1534103482448,2018-08-12T19:51:22.448Z,sell,7e-06,4.0,2.8e-05
DLT/BTC,1534103482448,2018-08-12T19:51:22.448Z,sell,7e-06,4.0,2.8e-05
DLT/BTC,1534103563002,2018-08-12T19:52:43.002Z,buy,7.05e-06,1.0,7.05e-06
DLT/BTC,1534103616858,2018-08-12T19:53:36.858Z,buy,7.05e-06,286.0,0.0020163
DLT/BTC,1534103823566,2018-08-12T19:57:03.566Z,sell,7e-06,115.0,0.0008049999999999999
DLT/BTC,1534104466187,2018-08-12T20:07:46.187Z,sell,7e-06,29.0,0.000203
DLT/BTC,1534104564363,2018-08-12T20:09:24.363Z,sell,7e-06,149.0,0.001043
DLT/BTC,1534104573872,2018-08-12T20:09:33.872Z,buy,7e-06,108.0,0.0007559999999999999
DLT/BTC,1534104730503,2018-08-12T20:12:10.503Z,buy,7.06e-06,50.0,0.000353
DLT/BTC,1534104884839,2018-08-12T20:14:44.839Z,buy,7.07e-06,279.0,0.00197253
DLT/BTC,1534105163787,2018-08-12T20:19:23.787Z,sell,7.03e-06,7.0,4.921e-05
DLT/BTC,1534105855130,2018-08-12T20:30:55.130Z,sell,7e-06,1.0,7e-06
DLT/BTC,1534105916503,2018-08-12T20:31:56.503Z,sell,7e-06,1.0,7e-06
DLT/BTC,1534105948393,2018-08-12T20:32:28.393Z,sell,7e-06,513.0,0.003591
DLT/BTC,1534106119191,2018-08-12T20:35:19.191Z,buy,6.99e-06,1.0,6.99e-06
DLT/BTC,1534106200553,2018-08-12T20:36:40.553Z,sell,6.97e-06,880.0,0.0061336
DLT/BTC,1534106729238,2018-08-12T20:45:29.238Z,buy,6.97e-06,1.0,6.97e-06
DLT/BTC,1534106985670,2018-08-12T20:49:45.670Z,sell,6.93e-06,160.0,0.0011088
DLT/BTC,1534107013581,2018-08-12T20:50:13.581Z,sell,6.92e-06,145.0,0.0010034
DLT/BTC,1534107013614,2018-08-12T20:50:13.614Z,buy,6.92e-06,1385.0,0.0095842
DLT/BTC,1534107023677,2018-08-12T20:50:23.677Z,sell,6.89e-06,11845.0,0.08161205
DLT/BTC,1534107030390,2018-08-12T20:50:30.390Z,buy,6.89e-06,981.0,0.00675909
DLT/BTC,1534107042129,2018-08-12T20:50:42.129Z,buy,6.96e-06,24.0,0.00016704
DLT/BTC,1534107060399,2018-08-12T20:51:00.399Z,buy,6.94e-06,885.0,0.0061419
DLT/BTC,1534107080536,2018-08-12T20:51:20.536Z,sell,6.93e-06,292.0,0.0020235599999999998
DLT/BTC,1534107080536,2018-08-12T20:51:20.536Z,sell,6.93e-06,292.0,0.0020235599999999998
DLT/BTC,1534107132576,2018-08-12T20:52:12.576Z,buy,6.95e-06,9.0,6.255e-05
DLT/BTC,1534107607583,2018-08-12T21:00:07.583Z,sell,6.9e-06,292.0,0.0020148
DLT/BTC,1534107607583,2018-08-12T21:00:07.583Z,sell,6.88e-06,732.0,0.0050361600000000005
DLT/BTC,1534107607583,2018-08-12T21:00:07.583Z,sell,6.87e-06,1429.0,0.00981723
DLT/BTC,1534107607583,2018-08-12T21:00:07.583Z,sell,6.85e-06,510.0,0.0034934999999999996
DLT/BTC,1534107607583,2018-08-12T21:00:07.583Z,sell,6.84e-06,190.0,0.0012996
DLT/BTC,1534107607583,2018-08-12T21:00:07.583Z,sell,6.83e-06,3605.0,0.02462215
DLT/BTC,1534107628324,2018-08-12T21:00:28.324Z,sell,6.88e-06,1741.0,0.01197808
DLT/BTC,1534107636974,2018-08-12T21:00:36.974Z,sell,6.85e-06,1280.0,0.008768
DLT/BTC,1534107637494,2018-08-12T21:00:37.494Z,sell,6.85e-06,126.0,0.0008631
DLT/BTC,1534107638621,2018-08-12T21:00:38.621Z,buy,6.85e-06,458.0,0.0031373
DLT/BTC,1534107641798,2018-08-12T21:00:41.798Z,sell,6.84e-06,15.0,0.0001026
DLT/BTC,1534107642254,2018-08-12T21:00:42.254Z,sell,6.84e-06,19.0,0.00012995999999999998
DLT/BTC,1534107642834,2018-08-12T21:00:42.834Z,sell,6.84e-06,54.0,0.00036936
DLT/BTC,1534107644203,2018-08-12T21:00:44.203Z,sell,6.84e-06,52.0,0.00035568
DLT/BTC,1534107660569,2018-08-12T21:01:00.569Z,sell,6.84e-06,296.0,0.00202464
DLT/BTC,1534107680464,2018-08-12T21:01:20.464Z,sell,6.85e-06,295.0,0.00202075
DLT/BTC,1534107681036,2018-08-12T21:01:21.036Z,sell,6.85e-06,6.0,4.1099999999999996e-05
DLT/BTC,1534107681712,2018-08-12T21:01:21.712Z,buy,6.84e-06,150.0,0.001026
DLT/BTC,1534107681739,2018-08-12T21:01:21.739Z,buy,6.85e-06,186.0,0.0012741
DLT/BTC,1534107712505,2018-08-12T21:01:52.505Z,buy,6.87e-06,151.0,0.0010373700000000001
DLT/BTC,1534107712505,2018-08-12T21:01:52.505Z,buy,6.88e-06,149.0,0.00102512
DLT/BTC,1534107713478,2018-08-12T21:01:53.478Z,buy,6.88e-06,559.0,0.00384592
DLT/BTC,1534107714841,2018-08-12T21:01:54.841Z,buy,6.88e-06,181.0,0.00124528
DLT/BTC,1534108776741,2018-08-12T21:19:36.741Z,buy,6.9e-06,6.0,4.1400000000000003e-05
DLT/BTC,1534108864469,2018-08-12T21:21:04.469Z,sell,6.84e-06,1000.0,0.00684
DLT/BTC,1534108864990,2018-08-12T21:21:04.990Z,buy,6.84e-06,1220.0,0.0083448
DLT/BTC,1534108866838,2018-08-12T21:21:06.838Z,buy,6.9e-06,1445.0,0.0099705
DLT/BTC,1534108866838,2018-08-12T21:21:06.838Z,buy,6.91e-06,870.0,0.0060117
DLT/BTC,1534108885550,2018-08-12T21:21:25.550Z,buy,6.9e-06,354.0,0.0024426
DLT/BTC,1534108885837,2018-08-12T21:21:25.837Z,buy,6.9e-06,398.0,0.0027462
DLT/BTC,1534108990507,2018-08-12T21:23:10.507Z,sell,6.83e-06,198.0,0.00135234
DLT/BTC,1534108991899,2018-08-12T21:23:11.899Z,sell,6.83e-06,211.0,0.0014411299999999999
DLT/BTC,1534108993974,2018-08-12T21:23:13.974Z,sell,6.83e-06,48.0,0.00032784
DLT/BTC,1534108996837,2018-08-12T21:23:16.837Z,sell,6.82e-06,56.0,0.00038192
DLT/BTC,1534108998967,2018-08-12T21:23:18.967Z,sell,6.82e-06,102.0,0.00069564
DLT/BTC,1534109001067,2018-08-12T21:23:21.067Z,sell,6.82e-06,212.0,0.0014458399999999999
DLT/BTC,1534109006557,2018-08-12T21:23:26.557Z,sell,6.82e-06,74.0,0.00050468
DLT/BTC,1534109009073,2018-08-12T21:23:29.073Z,sell,6.82e-06,66.0,0.00045012
DLT/BTC,1534109012843,2018-08-12T21:23:32.843Z,sell,6.82e-06,75.0,0.0005115
DLT/BTC,1534109018327,2018-08-12T21:23:38.327Z,sell,6.82e-06,42.0,0.00028644
DLT/BTC,1534109021993,2018-08-12T21:23:41.993Z,sell,6.81e-06,88.0,0.00059928
DLT/BTC,1534109025619,2018-08-12T21:23:45.619Z,sell,6.81e-06,150.0,0.0010215
DLT/BTC,1534109029491,2018-08-12T21:23:49.491Z,sell,6.81e-06,60.0,0.0004086
DLT/BTC,1534109029491,2018-08-12T21:23:49.491Z,sell,6.8e-06,24.0,0.0001632
DLT/BTC,1534109032558,2018-08-12T21:23:52.558Z,sell,6.81e-06,68.0,0.00046308
DLT/BTC,1534109034970,2018-08-12T21:23:54.970Z,sell,6.81e-06,62.0,0.00042222
DLT/BTC,1534109037375,2018-08-12T21:23:57.375Z,sell,6.81e-06,108.0,0.00073548
DLT/BTC,1534109041973,2018-08-12T21:24:01.973Z,sell,6.81e-06,48.0,0.00032688
DLT/BTC,1534109042344,2018-08-12T21:24:02.344Z,sell,6.81e-06,98.0,0.00066738
DLT/BTC,1534109042395,2018-08-12T21:24:02.395Z,sell,6.81e-06,49.0,0.00033369
DLT/BTC,1534109045126,2018-08-12T21:24:05.126Z,buy,6.87e-06,7.0,4.809e-05
DLT/BTC,1534109045185,2018-08-12T21:24:05.185Z,sell,6.81e-06,206.0,0.00140286
DLT/BTC,1534109046022,2018-08-12T21:24:06.022Z,sell,6.81e-06,14.0,9.534e-05
DLT/BTC,1534109047991,2018-08-12T21:24:07.991Z,sell,6.81e-06,17.0,0.00011577
DLT/BTC,1534109050052,2018-08-12T21:24:10.052Z,sell,6.81e-06,114.0,0.00077634
DLT/BTC,1534109055634,2018-08-12T21:24:15.634Z,sell,6.81e-06,74.0,0.00050394
DLT/BTC,1534109056788,2018-08-12T21:24:16.788Z,buy,6.87e-06,546.0,0.0037510200000000003
DLT/BTC,1534109058305,2018-08-12T21:24:18.305Z,buy,6.87e-06,294.0,0.00201978
DLT/BTC,1534109059445,2018-08-12T21:24:19.445Z,sell,6.82e-06,63.0,0.00042966
DLT/BTC,1534109064419,2018-08-12T21:24:24.419Z,buy,6.9e-06,149.0,0.0010281
DLT/BTC,1534109064879,2018-08-12T21:24:24.879Z,sell,6.82e-06,152.0,0.00103664
DLT/BTC,1534109067950,2018-08-12T21:24:27.950Z,sell,6.83e-06,84.0,0.00057372
DLT/BTC,1534109070687,2018-08-12T21:24:30.687Z,sell,6.83e-06,146.0,0.00099718
DLT/BTC,1534109073045,2018-08-12T21:24:33.045Z,sell,6.83e-06,73.0,0.00049859
DLT/BTC,1534109075229,2018-08-12T21:24:35.229Z,sell,6.83e-06,48.0,0.00032784
DLT/BTC,1534109077871,2018-08-12T21:24:37.871Z,sell,6.83e-06,142.0,0.00096986
DLT/BTC,1534109081109,2018-08-12T21:24:41.109Z,sell,6.85e-06,99.0,0.00067815
DLT/BTC,1534109082891,2018-08-12T21:24:42.891Z,sell,6.82e-06,42.0,0.00028644
DLT/BTC,1534109086163,2018-08-12T21:24:46.163Z,sell,6.83e-06,1545.0,0.01055235
DLT/BTC,1534109086163,2018-08-12T21:24:46.163Z,sell,6.82e-06,453.0,0.00308946
DLT/BTC,1534109086163,2018-08-12T21:24:46.163Z,sell,6.81e-06,4194.0,0.02856114
DLT/BTC,1534109089108,2018-08-12T21:24:49.108Z,sell,6.81e-06,40.0,0.0002724
DLT/BTC,1534109089820,2018-08-12T21:24:49.820Z,sell,6.81e-06,49.0,0.00033369
DLT/BTC,1534109092174,2018-08-12T21:24:52.174Z,sell,6.81e-06,320.0,0.0021792
DLT/BTC,1534109097243,2018-08-12T21:24:57.243Z,sell,6.81e-06,135.0,0.00091935
DLT/BTC,1534109100572,2018-08-12T21:25:00.572Z,sell,6.81e-06,75.0,0.00051075
DLT/BTC,1534109100857,2018-08-12T21:25:00.857Z,sell,6.81e-06,297.0,0.00202257
DLT/BTC,1534109101150,2018-08-12T21:25:01.150Z,sell,6.81e-06,297.0,0.00202257
DLT/BTC,1534109103409,2018-08-12T21:25:03.409Z,sell,6.81e-06,56.0,0.00038136
DLT/BTC,1534109106284,2018-08-12T21:25:06.284Z,sell,6.81e-06,67.0,0.00045627
DLT/BTC,1534109109151,2018-08-12T21:25:09.151Z,sell,6.81e-06,68.0,0.00046308
DLT/BTC,1534109113510,2018-08-12T21:25:13.510Z,sell,6.81e-06,121.0,0.00082401
DLT/BTC,1534109117159,2018-08-12T21:25:17.159Z,sell,6.81e-06,57.0,0.00038817
DLT/BTC,1534109123391,2018-08-12T21:25:23.391Z,sell,6.81e-06,144.0,0.00098064
DLT/BTC,1534109126107,2018-08-12T21:25:26.107Z,sell,6.81e-06,113.0,0.00076953
DLT/BTC,1534109128010,2018-08-12T21:25:28.010Z,sell,6.81e-06,65.0,0.00044265
