symbol,timestamp,datetime,side,price,amount,btc_volume
ICN/BTC,1535643000538,2018-08-30T15:30:00.538Z,sell,6.877e-05,200.0,0.013753999999999999
ICN/BTC,1535643014574,2018-08-30T15:30:14.574Z,sell,6.881e-05,40.0,0.0027524
ICN/BTC,1535643021706,2018-08-30T15:30:21.706Z,sell,6.881e-05,52.0,0.00357812
ICN/BTC,1535643021706,2018-08-30T15:30:21.706Z,sell,6.88e-05,40.0,0.002752
ICN/BTC,1535643038053,2018-08-30T15:30:38.053Z,buy,6.88e-05,711.0,0.0489168
ICN/BTC,1535643044082,2018-08-30T15:30:44.082Z,sell,6.881e-05,42.0,0.00289002
ICN/BTC,1535643044082,2018-08-30T15:30:44.082Z,sell,6.88e-05,574.0,0.039491200000000004
ICN/BTC,1535643067591,2018-08-30T15:31:07.591Z,sell,6.882e-05,44.0,0.00302808
ICN/BTC,1535643071478,2018-08-30T15:31:11.478Z,sell,6.882e-05,8.0,0.00055056
ICN/BTC,1535643088909,2018-08-30T15:31:28.909Z,sell,6.882e-05,97.0,0.00667554
ICN/BTC,1535643088909,2018-08-30T15:31:28.909Z,sell,6.881e-05,42.0,0.00289002
ICN/BTC,1535643088909,2018-08-30T15:31:28.909Z,sell,6.88e-05,8.0,0.0005504
ICN/BTC,1535643102213,2018-08-30T15:31:42.213Z,sell,6.882e-05,19.0,0.0013075799999999998
ICN/BTC,1535643217848,2018-08-30T15:33:37.848Z,buy,6.883e-05,725.0,0.04990175
ICN/BTC,1535643223758,2018-08-30T15:33:43.758Z,sell,6.882e-05,30.0,0.0020645999999999998
ICN/BTC,1535643275212,2018-08-30T15:34:35.212Z,buy,6.883e-05,725.0,0.04990175
ICN/BTC,1535643625048,2018-08-30T15:40:25.048Z,buy,6.883e-05,221.0,0.015211430000000001
ICN/BTC,1535643676273,2018-08-30T15:41:16.273Z,sell,6.88e-05,378.0,0.026006400000000002
ICN/BTC,1535643860203,2018-08-30T15:44:20.203Z,sell,6.88e-05,1.0,6.88e-05
ICN/BTC,1535643948440,2018-08-30T15:45:48.440Z,sell,6.88e-05,695.0,0.047816000000000004
ICN/BTC,1535643977568,2018-08-30T15:46:17.568Z,sell,6.88e-05,869.0,0.059787200000000006
ICN/BTC,1535643989737,2018-08-30T15:46:29.737Z,sell,6.88e-05,869.0,0.059787200000000006
ICN/BTC,1535644053535,2018-08-30T15:47:33.535Z,sell,6.88e-05,8.0,0.0005504
ICN/BTC,1535644299425,2018-08-30T15:51:39.425Z,buy,6.883e-05,2967.0,0.20421861000000002
ICN/BTC,1535644647168,2018-08-30T15:57:27.168Z,sell,6.88e-05,235.0,0.016168000000000002
ICN/BTC,1535644790727,2018-08-30T15:59:50.727Z,sell,6.88e-05,74.0,0.005091200000000001
ICN/BTC,1535644790733,2018-08-30T15:59:50.733Z,sell,6.88e-05,595.0,0.040936
ICN/BTC,1535644790760,2018-08-30T15:59:50.760Z,sell,6.88e-05,192.0,0.013209600000000002
ICN/BTC,1535644810630,2018-08-30T16:00:10.630Z,buy,6.883e-05,65.0,0.00447395
ICN/BTC,1535644814405,2018-08-30T16:00:14.405Z,sell,6.883e-05,259.0,0.01782697
ICN/BTC,1535644814405,2018-08-30T16:00:14.405Z,sell,6.88e-05,336.0,0.023116800000000003
ICN/BTC,1535644816381,2018-08-30T16:00:16.381Z,buy,6.884e-05,18.0,0.00123912
ICN/BTC,1535644816381,2018-08-30T16:00:16.381Z,buy,6.885e-05,436.0,0.030018600000000003
ICN/BTC,1535644816381,2018-08-30T16:00:16.381Z,buy,6.889e-05,113.0,0.00778457
ICN/BTC,1535644816381,2018-08-30T16:00:16.381Z,buy,6.89e-05,151.0,0.010403899999999999
ICN/BTC,1535644880937,2018-08-30T16:01:20.937Z,sell,6.888e-05,11.0,0.00075768
ICN/BTC,1535645071628,2018-08-30T16:04:31.628Z,sell,6.888e-05,9.0,0.00061992
ICN/BTC,1535645090549,2018-08-30T16:04:50.549Z,sell,6.885e-05,38.0,0.0026163000000000002
ICN/BTC,1535645090549,2018-08-30T16:04:50.549Z,sell,6.88e-05,286.0,0.0196768
ICN/BTC,1535645324020,2018-08-30T16:08:44.020Z,sell,6.88e-05,39.0,0.0026832
ICN/BTC,1535645325030,2018-08-30T16:08:45.030Z,sell,6.88e-05,907.0,0.0624016
ICN/BTC,1535645356103,2018-08-30T16:09:16.103Z,sell,6.834e-05,128.0,0.00874752
ICN/BTC,1535645356103,2018-08-30T16:09:16.103Z,sell,6.828e-05,42.0,0.00286776
ICN/BTC,1535645356103,2018-08-30T16:09:16.103Z,sell,6.828e-05,8.0,0.00054624
ICN/BTC,1535645356103,2018-08-30T16:09:16.103Z,sell,6.803e-05,30.0,0.0020409
ICN/BTC,1535645356103,2018-08-30T16:09:16.103Z,sell,6.789e-05,4.0,0.00027156
ICN/BTC,1535645366024,2018-08-30T16:09:26.024Z,buy,6.833e-05,128.0,0.00874624
ICN/BTC,1535645375769,2018-08-30T16:09:35.769Z,sell,6.834e-05,128.0,0.00874752
ICN/BTC,1535645375769,2018-08-30T16:09:35.769Z,sell,6.833e-05,68.0,0.00464644
ICN/BTC,1535645999898,2018-08-30T16:19:59.898Z,sell,6.804e-05,22.0,0.0014968800000000001
ICN/BTC,1535645999898,2018-08-30T16:19:59.898Z,sell,6.803e-05,179.0,0.01217737
ICN/BTC,1535645999898,2018-08-30T16:19:59.898Z,sell,6.796e-05,19.0,0.0012912400000000001
ICN/BTC,1535646472144,2018-08-30T16:27:52.144Z,buy,6.83e-05,44.0,0.0030052000000000004
ICN/BTC,1535646472144,2018-08-30T16:27:52.144Z,buy,6.83e-05,44.0,0.0030052000000000004
ICN/BTC,1535646734172,2018-08-30T16:32:14.172Z,sell,6.805e-05,20.0,0.001361
ICN/BTC,1535646772086,2018-08-30T16:32:52.086Z,sell,6.783e-05,98.0,0.006647340000000001
ICN/BTC,1535647384310,2018-08-30T16:43:04.310Z,buy,6.784e-05,137.0,0.00929408
ICN/BTC,1535647682212,2018-08-30T16:48:02.212Z,buy,6.818e-05,3.0,0.00020454000000000002
ICN/BTC,1535648017808,2018-08-30T16:53:37.808Z,buy,6.818e-05,15.0,0.0010227
ICN/BTC,1535648060155,2018-08-30T16:54:20.155Z,sell,6.818e-05,27.0,0.00184086
ICN/BTC,1535648245624,2018-08-30T16:57:25.624Z,sell,6.783e-05,197.0,0.013362510000000001
ICN/BTC,1535648250946,2018-08-30T16:57:30.946Z,sell,6.781e-05,25.0,0.0016952500000000001
ICN/BTC,1535648250946,2018-08-30T16:57:30.946Z,sell,6.78e-05,331.0,0.022441799999999998
ICN/BTC,1535648618505,2018-08-30T17:03:38.505Z,buy,6.832e-05,200.0,0.013663999999999999
ICN/BTC,1535648666020,2018-08-30T17:04:26.020Z,sell,6.806e-05,18.0,0.00122508
ICN/BTC,1535648666020,2018-08-30T17:04:26.020Z,sell,6.764e-05,334.0,0.02259176
ICN/BTC,1535648666020,2018-08-30T17:04:26.020Z,sell,6.751e-05,195.0,0.01316445
ICN/BTC,1535648666020,2018-08-30T17:04:26.020Z,sell,6.75e-05,147.0,0.0099225
ICN/BTC,1535648666020,2018-08-30T17:04:26.020Z,sell,6.749e-05,16.0,0.00107984
ICN/BTC,1535648865016,2018-08-30T17:07:45.016Z,buy,6.786e-05,165.0,0.011196900000000001
ICN/BTC,1535648975992,2018-08-30T17:09:35.992Z,sell,6.744e-05,211.0,0.01422984
ICN/BTC,1535648975992,2018-08-30T17:09:35.992Z,sell,6.741e-05,181.0,0.012201209999999999
ICN/BTC,1535648975992,2018-08-30T17:09:35.992Z,sell,6.73e-05,20.0,0.001346
ICN/BTC,1535648975992,2018-08-30T17:09:35.992Z,sell,6.72e-05,20.0,0.001344
ICN/BTC,1535648975992,2018-08-30T17:09:35.992Z,sell,6.718e-05,17.0,0.00114206
ICN/BTC,1535648975992,2018-08-30T17:09:35.992Z,sell,6.716e-05,244.0,0.01638704
ICN/BTC,1535648975993,2018-08-30T17:09:35.993Z,sell,6.716e-05,13.0,0.00087308
ICN/BTC,1535648976025,2018-08-30T17:09:36.025Z,sell,6.716e-05,160.0,0.010745600000000001
ICN/BTC,1535648976025,2018-08-30T17:09:36.025Z,sell,6.715e-05,69.0,0.0046333500000000005
ICN/BTC,1535649486903,2018-08-30T17:18:06.903Z,buy,6.757e-05,24.0,0.0016216800000000001
ICN/BTC,1535649486903,2018-08-30T17:18:06.903Z,buy,6.759e-05,8.0,0.00054072
ICN/BTC,1535649786034,2018-08-30T17:23:06.034Z,buy,6.757e-05,211.0,0.01425727
ICN/BTC,1535649849639,2018-08-30T17:24:09.639Z,buy,6.759e-05,9.0,0.0006083099999999999
ICN/BTC,1535649849639,2018-08-30T17:24:09.639Z,buy,6.759e-05,9.0,0.0006083099999999999
ICN/BTC,1535650092113,2018-08-30T17:28:12.113Z,sell,6.759e-05,10.0,0.0006758999999999999
ICN/BTC,1535650095582,2018-08-30T17:28:15.582Z,buy,6.757e-05,679.0,0.04588003
ICN/BTC,1535650157972,2018-08-30T17:29:17.972Z,buy,6.755e-05,270.0,0.0182385
ICN/BTC,1535650775133,2018-08-30T17:39:35.133Z,sell,6.721e-05,124.0,0.008334040000000001
ICN/BTC,1535650784151,2018-08-30T17:39:44.151Z,buy,6.724e-05,21.0,0.00141204
ICN/BTC,1535650786139,2018-08-30T17:39:46.139Z,buy,6.729e-05,21.0,0.00141309
ICN/BTC,1535650794442,2018-08-30T17:39:54.442Z,buy,6.737e-05,21.0,0.00141477
ICN/BTC,1535650794442,2018-08-30T17:39:54.442Z,buy,6.749e-05,180.0,0.012148200000000001
ICN/BTC,1535650794442,2018-08-30T17:39:54.442Z,buy,6.752e-05,50.0,0.003376
ICN/BTC,1535650795685,2018-08-30T17:39:55.685Z,buy,6.752e-05,22.0,0.0014854400000000002
ICN/BTC,1535650816963,2018-08-30T17:40:16.963Z,sell,6.721e-05,7.0,0.00047047
ICN/BTC,1535650892322,2018-08-30T17:41:32.322Z,sell,6.721e-05,19.0,0.00127699
ICN/BTC,1535651241223,2018-08-30T17:47:21.223Z,buy,6.752e-05,4.0,0.00027008
ICN/BTC,1535651484537,2018-08-30T17:51:24.537Z,buy,6.752e-05,1.0,6.752e-05
ICN/BTC,1535651507414,2018-08-30T17:51:47.414Z,sell,6.723e-05,137.0,0.00921051
ICN/BTC,1535651511005,2018-08-30T17:51:51.005Z,sell,6.725e-05,46.0,0.0030935
ICN/BTC,1535652020667,2018-08-30T18:00:20.667Z,sell,6.737e-05,21.0,0.00141477
ICN/BTC,1535652112533,2018-08-30T18:01:52.533Z,buy,6.74e-05,21.0,0.0014154
ICN/BTC,1535652119594,2018-08-30T18:01:59.594Z,sell,6.737e-05,90.0,0.0060633
ICN/BTC,1535652372036,2018-08-30T18:06:12.036Z,sell,6.723e-05,249.0,0.01674027
ICN/BTC,1535652372036,2018-08-30T18:06:12.036Z,sell,6.72e-05,29.0,0.0019487999999999999
ICN/BTC,1535652372036,2018-08-30T18:06:12.036Z,sell,6.719e-05,245.0,0.01646155
ICN/BTC,1535652384194,2018-08-30T18:06:24.194Z,buy,6.736e-05,48.0,0.0032332800000000003
ICN/BTC,1535652707274,2018-08-30T18:11:47.274Z,sell,6.72e-05,209.0,0.014044799999999998
ICN/BTC,1535652707274,2018-08-30T18:11:47.274Z,sell,6.719e-05,267.0,0.01793973
ICN/BTC,1535652868127,2018-08-30T18:14:28.127Z,sell,6.719e-05,317.0,0.02129923
ICN/BTC,1535653234258,2018-08-30T18:20:34.258Z,sell,6.719e-05,131.0,0.00880189
ICN/BTC,1535653234258,2018-08-30T18:20:34.258Z,sell,6.719e-05,160.0,0.0107504
ICN/BTC,1535653234258,2018-08-30T18:20:34.258Z,sell,6.719e-05,131.0,0.00880189
ICN/BTC,1535653234258,2018-08-30T18:20:34.258Z,sell,6.719e-05,160.0,0.0107504
ICN/BTC,1535654674582,2018-08-30T18:44:34.582Z,buy,6.724e-05,1.0,6.724e-05
ICN/BTC,1535655001578,2018-08-30T18:50:01.578Z,buy,6.724e-05,17.0,0.00114308
ICN/BTC,1535655001578,2018-08-30T18:50:01.578Z,buy,6.729e-05,3.0,0.00020187
ICN/BTC,1535655231848,2018-08-30T18:53:51.848Z,sell,6.719e-05,80.0,0.0053752
ICN/BTC,1535655439335,2018-08-30T18:57:19.335Z,buy,6.729e-05,12.0,0.00080748
ICN/BTC,1535656796644,2018-08-30T19:19:56.644Z,sell,6.729e-05,60.0,0.0040374
ICN/BTC,1535656796644,2018-08-30T19:19:56.644Z,sell,6.729e-05,60.0,0.0040374
ICN/BTC,1535657354193,2018-08-30T19:29:14.193Z,sell,6.729e-05,60.0,0.0040374
ICN/BTC,1535657525211,2018-08-30T19:32:05.211Z,buy,6.745e-05,21.0,0.00141645
ICN/BTC,1535657525211,2018-08-30T19:32:05.211Z,buy,6.749e-05,127.0,0.00857123
ICN/BTC,1535657884781,2018-08-30T19:38:04.781Z,buy,6.733e-05,30.0,0.0020199
ICN/BTC,1535657884781,2018-08-30T19:38:04.781Z,buy,6.749e-05,9.0,0.0006074100000000001
ICN/BTC,1535657988308,2018-08-30T19:39:48.308Z,sell,6.739e-05,21.0,0.00141519
ICN/BTC,1535657992294,2018-08-30T19:39:52.294Z,sell,6.739e-05,21.0,0.00141519
ICN/BTC,1535657994304,2018-08-30T19:39:54.304Z,sell,6.739e-05,21.0,0.00141519
ICN/BTC,1535658011826,2018-08-30T19:40:11.826Z,sell,6.729e-05,211.0,0.01419819
ICN/BTC,1535658084175,2018-08-30T19:41:24.175Z,buy,6.727e-05,82.0,0.00551614
ICN/BTC,1535658360859,2018-08-30T19:46:00.859Z,sell,6.727e-05,250.0,0.0168175
ICN/BTC,1535658366795,2018-08-30T19:46:06.795Z,sell,6.727e-05,191.0,0.01284857
ICN/BTC,1535658434092,2018-08-30T19:47:14.092Z,buy,6.726e-05,60.0,0.0040356
ICN/BTC,1535658471956,2018-08-30T19:47:51.956Z,buy,6.726e-05,108.0,0.00726408
ICN/BTC,1535658675981,2018-08-30T19:51:15.981Z,buy,6.726e-05,52.0,0.00349752
ICN/BTC,1535658801983,2018-08-30T19:53:21.983Z,buy,6.726e-05,226.0,0.01520076
ICN/BTC,1535658801983,2018-08-30T19:53:21.983Z,buy,6.727e-05,922.0,0.06202294
ICN/BTC,1535658801983,2018-08-30T19:53:21.983Z,buy,6.727e-05,150.0,0.0100905
ICN/BTC,1535658878598,2018-08-30T19:54:38.598Z,buy,6.727e-05,117.0,0.00787059
ICN/BTC,1535658887664,2018-08-30T19:54:47.664Z,buy,6.727e-05,298.0,0.02004646
ICN/BTC,1535658887672,2018-08-30T19:54:47.672Z,buy,6.727e-05,288.0,0.01937376
ICN/BTC,1535658887688,2018-08-30T19:54:47.688Z,buy,6.727e-05,43.0,0.00289261
ICN/BTC,1535659006630,2018-08-30T19:56:46.630Z,sell,6.721e-05,15.0,0.00100815
ICN/BTC,1535659263274,2018-08-30T20:01:03.274Z,sell,6.721e-05,297.0,0.01996137
ICN/BTC,1535659311656,2018-08-30T20:01:51.656Z,sell,6.721e-05,137.0,0.00920777
ICN/BTC,1535659317435,2018-08-30T20:01:57.435Z,sell,6.721e-05,69.0,0.00463749
ICN/BTC,1535659363083,2018-08-30T20:02:43.083Z,buy,6.724e-05,18.0,0.00121032
ICN/BTC,1535659366068,2018-08-30T20:02:46.068Z,buy,6.726e-05,51.0,0.00343026
ICN/BTC,1535659368238,2018-08-30T20:02:48.238Z,buy,6.726e-05,60.0,0.0040356
ICN/BTC,1535659382342,2018-08-30T20:03:02.342Z,buy,6.73e-05,59.0,0.0039707
ICN/BTC,1535659402217,2018-08-30T20:03:22.217Z,buy,6.73e-05,86.0,0.0057878
ICN/BTC,1535659441584,2018-08-30T20:04:01.584Z,sell,6.719e-05,2.0,0.00013438
ICN/BTC,1535659501862,2018-08-30T20:05:01.862Z,sell,6.719e-05,954.0,0.06409926
ICN/BTC,1535659932137,2018-08-30T20:12:12.137Z,buy,6.73e-05,28.0,0.0018843999999999998
ICN/BTC,1535659939233,2018-08-30T20:12:19.233Z,buy,6.73e-05,55.0,0.0037015
ICN/BTC,1535660031137,2018-08-30T20:13:51.137Z,buy,6.74e-05,289.0,0.0194786
ICN/BTC,1535660044084,2018-08-30T20:14:04.084Z,buy,6.747e-05,63.0,0.00425061
ICN/BTC,1535660137035,2018-08-30T20:15:37.035Z,buy,6.747e-05,476.0,0.03211572
ICN/BTC,1535660234612,2018-08-30T20:17:14.612Z,sell,6.747e-05,667.0,0.04500249
ICN/BTC,1535660250964,2018-08-30T20:17:30.964Z,buy,6.749e-05,51.0,0.0034419900000000002
ICN/BTC,1535660250964,2018-08-30T20:17:30.964Z,buy,6.76e-05,334.0,0.022578400000000002
ICN/BTC,1535660250964,2018-08-30T20:17:30.964Z,buy,6.749e-05,51.0,0.0034419900000000002
ICN/BTC,1535660250964,2018-08-30T20:17:30.964Z,buy,6.76e-05,334.0,0.022578400000000002
ICN/BTC,1535660742429,2018-08-30T20:25:42.429Z,buy,6.76e-05,234.0,0.0158184
ICN/BTC,1535660772165,2018-08-30T20:26:12.165Z,buy,6.76e-05,58.0,0.0039208
ICN/BTC,1535660786376,2018-08-30T20:26:26.376Z,buy,6.76e-05,61.0,0.0041236
ICN/BTC,1535660910568,2018-08-30T20:28:30.568Z,buy,6.758e-05,145.0,0.0097991
ICN/BTC,1535660938211,2018-08-30T20:28:58.211Z,buy,6.758e-05,168.0,0.01135344
ICN/BTC,1535660988122,2018-08-30T20:29:48.122Z,sell,6.74e-05,247.0,0.0166478
ICN/BTC,1535661008208,2018-08-30T20:30:08.208Z,sell,6.74e-05,612.0,0.0412488
ICN/BTC,1535661008230,2018-08-30T20:30:08.230Z,sell,6.74e-05,56.0,0.0037744
ICN/BTC,1535661008230,2018-08-30T20:30:08.230Z,sell,6.737e-05,175.0,0.01178975
ICN/BTC,1535661053075,2018-08-30T20:30:53.075Z,buy,6.771e-05,147.0,0.00995337
ICN/BTC,1535661053075,2018-08-30T20:30:53.075Z,buy,6.772e-05,4.0,0.00027088
ICN/BTC,1535661205698,2018-08-30T20:33:25.698Z,buy,6.772e-05,143.0,0.00968396
ICN/BTC,1535661212960,2018-08-30T20:33:32.960Z,buy,6.781e-05,91.0,0.00617071
ICN/BTC,1535661502091,2018-08-30T20:38:22.091Z,buy,6.802e-05,2.0,0.00013604
ICN/BTC,1535661711969,2018-08-30T20:41:51.969Z,sell,6.767e-05,19.0,0.00128573
ICN/BTC,1535661798717,2018-08-30T20:43:18.717Z,buy,6.799e-05,91.0,0.00618709
ICN/BTC,1535661831352,2018-08-30T20:43:51.352Z,sell,6.799e-05,522.0,0.03549078
ICN/BTC,1535661910253,2018-08-30T20:45:10.253Z,sell,6.799e-05,25.0,0.00169975
ICN/BTC,1535661912091,2018-08-30T20:45:12.091Z,buy,6.82e-05,146.0,0.009957200000000001
ICN/BTC,1535661939838,2018-08-30T20:45:39.838Z,buy,6.821e-05,739.0,0.05040719
ICN/BTC,1535662100240,2018-08-30T20:48:20.240Z,sell,6.82e-05,838.0,0.057151600000000004
ICN/BTC,1535662153356,2018-08-30T20:49:13.356Z,buy,6.821e-05,12.0,0.00081852
ICN/BTC,1535662181037,2018-08-30T20:49:41.037Z,sell,6.822e-05,60.0,0.0040932
ICN/BTC,1535662305597,2018-08-30T20:51:45.597Z,buy,6.824e-05,48.0,0.0032755199999999996
ICN/BTC,1535662305597,2018-08-30T20:51:45.597Z,buy,6.843e-05,26.0,0.0017791799999999998
ICN/BTC,1535662351698,2018-08-30T20:52:31.698Z,sell,6.823e-05,2.0,0.00013646
ICN/BTC,1535662533660,2018-08-30T20:55:33.660Z,sell,6.823e-05,2.0,0.00013646
ICN/BTC,1535662620207,2018-08-30T20:57:00.207Z,buy,6.862e-05,132.0,0.009057840000000001
ICN/BTC,1535662716796,2018-08-30T20:58:36.796Z,buy,6.862e-05,200.0,0.013724
ICN/BTC,1535662739571,2018-08-30T20:58:59.571Z,buy,6.862e-05,80.0,0.005489600000000001
ICN/BTC,1535662739610,2018-08-30T20:58:59.610Z,sell,6.862e-05,70.0,0.0048034
ICN/BTC,1535662743971,2018-08-30T20:59:03.971Z,buy,6.863e-05,107.0,0.00734341
ICN/BTC,1535662744023,2018-08-30T20:59:04.023Z,sell,6.863e-05,40.0,0.0027451999999999997
ICN/BTC,1535662748309,2018-08-30T20:59:08.309Z,sell,6.863e-05,79.0,0.00542177
ICN/BTC,1535662752754,2018-08-30T20:59:12.754Z,sell,6.846e-05,22.0,0.0015061200000000001
ICN/BTC,1535662760039,2018-08-30T20:59:20.039Z,sell,6.828e-05,83.0,0.0056672400000000005
ICN/BTC,1535662881843,2018-08-30T21:01:21.843Z,sell,6.828e-05,724.0,0.04943472
ICN/BTC,1535662904512,2018-08-30T21:01:44.512Z,sell,6.828e-05,569.0,0.03885132
ICN/BTC,1535662916581,2018-08-30T21:01:56.581Z,buy,6.828e-05,155.0,0.0105834
ICN/BTC,1535662916581,2018-08-30T21:01:56.581Z,buy,6.846e-05,65.0,0.0044499000000000006
ICN/BTC,1535662916581,2018-08-30T21:01:56.581Z,buy,6.863e-05,117.0,0.00802971
ICN/BTC,1535662916581,2018-08-30T21:01:56.581Z,buy,6.87e-05,25.0,0.0017175
ICN/BTC,1535662916581,2018-08-30T21:01:56.581Z,buy,6.879e-05,83.0,0.00570957
ICN/BTC,1535662916581,2018-08-30T21:01:56.581Z,buy,6.88e-05,278.0,0.0191264
ICN/BTC,1535663164971,2018-08-30T21:06:04.971Z,buy,6.88e-05,60.0,0.004128000000000001
ICN/BTC,1535663164971,2018-08-30T21:06:04.971Z,buy,6.883e-05,79.0,0.00543757
ICN/BTC,1535663164971,2018-08-30T21:06:04.971Z,buy,6.884e-05,1221.0,0.08405364
ICN/BTC,1535663196207,2018-08-30T21:06:36.207Z,sell,6.853e-05,30.0,0.0020559
ICN/BTC,1535663201091,2018-08-30T21:06:41.091Z,sell,6.853e-05,30.0,0.0020559
ICN/BTC,1535663201537,2018-08-30T21:06:41.537Z,sell,6.853e-05,30.0,0.0020559
ICN/BTC,1535663597882,2018-08-30T21:13:17.882Z,buy,6.888e-05,128.0,0.00881664
ICN/BTC,1535663599937,2018-08-30T21:13:19.937Z,buy,6.888e-05,27.0,0.0018597600000000002
ICN/BTC,1535663608488,2018-08-30T21:13:28.488Z,buy,6.888e-05,115.0,0.0079212
ICN/BTC,1535663628784,2018-08-30T21:13:48.784Z,buy,6.887e-05,85.0,0.005853949999999999
ICN/BTC,1535663628784,2018-08-30T21:13:48.784Z,buy,6.888e-05,2.0,0.00013776
ICN/BTC,1535663653419,2018-08-30T21:14:13.419Z,buy,6.888e-05,87.0,0.00599256
ICN/BTC,1535663675733,2018-08-30T21:14:35.733Z,buy,6.888e-05,130.0,0.008954400000000001
ICN/BTC,1535663678324,2018-08-30T21:14:38.324Z,buy,6.888e-05,22.0,0.00151536
ICN/BTC,1535663762781,2018-08-30T21:16:02.781Z,sell,6.854e-05,155.0,0.010623700000000002
ICN/BTC,1535663762781,2018-08-30T21:16:02.781Z,sell,6.853e-05,139.0,0.00952567
ICN/BTC,1535663762781,2018-08-30T21:16:02.781Z,sell,6.854e-05,155.0,0.010623700000000002
ICN/BTC,1535663762781,2018-08-30T21:16:02.781Z,sell,6.853e-05,139.0,0.00952567
ICN/BTC,1535663919256,2018-08-30T21:18:39.256Z,sell,6.853e-05,85.0,0.00582505
ICN/BTC,1535664006757,2018-08-30T21:20:06.757Z,buy,6.853e-05,22.0,0.0015076599999999999
ICN/BTC,1535664343464,2018-08-30T21:25:43.464Z,buy,6.853e-05,829.0,0.05681137
ICN/BTC,1535664397424,2018-08-30T21:26:37.424Z,buy,6.853e-05,346.0,0.023711379999999997
ICN/BTC,1535664423832,2018-08-30T21:27:03.832Z,buy,6.853e-05,436.0,0.02987908
ICN/BTC,1535664482712,2018-08-30T21:28:02.712Z,sell,6.834e-05,29.0,0.00198186
ICN/BTC,1535664487340,2018-08-30T21:28:07.340Z,buy,6.853e-05,78.0,0.00534534
ICN/BTC,1535664512835,2018-08-30T21:28:32.835Z,buy,6.853e-05,292.0,0.02001076
ICN/BTC,1535664512835,2018-08-30T21:28:32.835Z,buy,6.887e-05,155.0,0.01067485
ICN/BTC,1535664512835,2018-08-30T21:28:32.835Z,buy,6.888e-05,984.0,0.06777792
ICN/BTC,1535664512835,2018-08-30T21:28:32.835Z,buy,6.89e-05,3217.0,0.22165129999999997
ICN/BTC,1535664512853,2018-08-30T21:28:32.853Z,sell,6.89e-05,499.0,0.0343811
ICN/BTC,1535664512861,2018-08-30T21:28:32.861Z,sell,6.89e-05,62.0,0.004271799999999999
ICN/BTC,1535664512907,2018-08-30T21:28:32.907Z,buy,6.894e-05,62.0,0.00427428
ICN/BTC,1535664526686,2018-08-30T21:28:46.686Z,sell,6.891e-05,7.0,0.00048237000000000003
ICN/BTC,1535664529860,2018-08-30T21:28:49.860Z,sell,6.891e-05,6.0,0.00041346000000000004
ICN/BTC,1535664531009,2018-08-30T21:28:51.009Z,sell,6.891e-05,61.0,0.004203510000000001
ICN/BTC,1535664538867,2018-08-30T21:28:58.867Z,buy,6.894e-05,2196.0,0.15139224
ICN/BTC,1535664538867,2018-08-30T21:28:58.867Z,buy,6.895e-05,335.0,0.023098249999999997
ICN/BTC,1535664538867,2018-08-30T21:28:58.867Z,buy,6.896e-05,470.0,0.0324112
ICN/BTC,1535664538867,2018-08-30T21:28:58.867Z,buy,6.899e-05,469.0,0.03235631
ICN/BTC,1535664538867,2018-08-30T21:28:58.867Z,buy,6.9e-05,11584.0,0.799296
ICN/BTC,1535664546710,2018-08-30T21:29:06.710Z,buy,6.9e-05,249.0,0.017181
ICN/BTC,1535664572339,2018-08-30T21:29:32.339Z,sell,6.87e-05,155.0,0.0106485
ICN/BTC,1535664572339,2018-08-30T21:29:32.339Z,sell,6.869e-05,399.0,0.027407309999999997
ICN/BTC,1535664572339,2018-08-30T21:29:32.339Z,sell,6.868e-05,46.0,0.00315928
ICN/BTC,1535664592517,2018-08-30T21:29:52.517Z,sell,6.868e-05,60.0,0.0041208
ICN/BTC,1535664754622,2018-08-30T21:32:34.622Z,sell,6.868e-05,600.0,0.041208
ICN/BTC,1535664767042,2018-08-30T21:32:47.042Z,buy,6.89e-05,2.0,0.0001378
ICN/BTC,1535664806755,2018-08-30T21:33:26.755Z,sell,6.868e-05,154.0,0.01057672
ICN/BTC,1535664806755,2018-08-30T21:33:26.755Z,sell,6.862e-05,221.0,0.015165020000000001
ICN/BTC,1535664887673,2018-08-30T21:34:47.673Z,sell,6.845e-05,117.0,0.008008649999999999
ICN/BTC,1535664988489,2018-08-30T21:36:28.489Z,buy,6.886e-05,155.0,0.0106733
ICN/BTC,1535664988489,2018-08-30T21:36:28.489Z,buy,6.887e-05,220.0,0.015151399999999999
ICN/BTC,1535664988489,2018-08-30T21:36:28.489Z,buy,6.899e-05,145.0,0.01000355
ICN/BTC,1535664988489,2018-08-30T21:36:28.489Z,buy,6.9e-05,580.0,0.04002
ICN/BTC,1535665008937,2018-08-30T21:36:48.937Z,buy,6.9e-05,15.0,0.001035
ICN/BTC,1535665104405,2018-08-30T21:38:24.405Z,sell,6.855e-05,367.0,0.02515785
ICN/BTC,1535665124324,2018-08-30T21:38:44.324Z,sell,6.845e-05,200.0,0.013689999999999999
ICN/BTC,1535665124324,2018-08-30T21:38:44.324Z,sell,6.835e-05,303.0,0.020710049999999997
ICN/BTC,1535665124324,2018-08-30T21:38:44.324Z,sell,6.834e-05,126.0,0.00861084
ICN/BTC,1535665125490,2018-08-30T21:38:45.490Z,sell,6.834e-05,14.0,0.00095676
ICN/BTC,1535665248254,2018-08-30T21:40:48.254Z,buy,6.87e-05,79.0,0.0054273
ICN/BTC,1535665260239,2018-08-30T21:41:00.239Z,buy,6.87e-05,1.0,6.87e-05
ICN/BTC,1535665513819,2018-08-30T21:45:13.819Z,buy,6.868e-05,26.0,0.00178568
ICN/BTC,1535665844501,2018-08-30T21:50:44.501Z,buy,6.868e-05,51.0,0.00350268
ICN/BTC,1535665893543,2018-08-30T21:51:33.543Z,buy,6.869e-05,228.0,0.01566132
ICN/BTC,1535665954122,2018-08-30T21:52:34.122Z,buy,6.87e-05,1.0,6.87e-05
ICN/BTC,1535665999672,2018-08-30T21:53:19.672Z,buy,6.87e-05,116.0,0.007969200000000001
ICN/BTC,1535666000126,2018-08-30T21:53:20.126Z,buy,6.889e-05,103.0,0.00709567
ICN/BTC,1535666008595,2018-08-30T21:53:28.595Z,buy,6.894e-05,15.0,0.0010341
ICN/BTC,1535666014266,2018-08-30T21:53:34.266Z,buy,6.894e-05,334.0,0.02302596
ICN/BTC,1535666014266,2018-08-30T21:53:34.266Z,buy,6.899e-05,75.0,0.00517425
ICN/BTC,1535666235261,2018-08-30T21:57:15.261Z,sell,6.861e-05,74.0,0.00507714
ICN/BTC,1535666493106,2018-08-30T22:01:33.106Z,buy,6.899e-05,101.0,0.00696799
ICN/BTC,1535666493106,2018-08-30T22:01:33.106Z,buy,6.9e-05,18.0,0.001242
ICN/BTC,1535667035065,2018-08-30T22:10:35.065Z,buy,6.9e-05,89.0,0.006141
ICN/BTC,1535667174291,2018-08-30T22:12:54.291Z,buy,6.9e-05,248.0,0.017112
ICN/BTC,1535667174291,2018-08-30T22:12:54.291Z,buy,6.9e-05,248.0,0.017112
ICN/BTC,1535667543262,2018-08-30T22:19:03.262Z,sell,6.899e-05,103.0,0.0071059700000000005
ICN/BTC,1535667554779,2018-08-30T22:19:14.779Z,sell,6.899e-05,44.0,0.00303556
ICN/BTC,1535667668692,2018-08-30T22:21:08.692Z,buy,6.9e-05,47.0,0.003243
ICN/BTC,1535667737679,2018-08-30T22:22:17.679Z,sell,6.88e-05,147.0,0.0101136
ICN/BTC,1535667997072,2018-08-30T22:26:37.072Z,buy,6.9e-05,85.0,0.0058649999999999996
ICN/BTC,1535668985860,2018-08-30T22:43:05.860Z,buy,6.9e-05,140.0,0.00966
ICN/BTC,1535669151317,2018-08-30T22:45:51.317Z,sell,6.88e-05,3.0,0.00020640000000000003
ICN/BTC,1535669159092,2018-08-30T22:45:59.092Z,sell,6.88e-05,11.0,0.0007568000000000001
ICN/BTC,1535669692836,2018-08-30T22:54:52.836Z,buy,6.887e-05,197.0,0.013567389999999999
ICN/BTC,1535669878521,2018-08-30T22:57:58.521Z,buy,6.896e-05,128.0,0.00882688
ICN/BTC,1535669878521,2018-08-30T22:57:58.521Z,buy,6.897e-05,17.0,0.00117249
ICN/BTC,1535670459207,2018-08-30T23:07:39.207Z,sell,6.852e-05,145.0,0.0099354
ICN/BTC,1535670459207,2018-08-30T23:07:39.207Z,sell,6.852e-05,145.0,0.0099354
ICN/BTC,1535671041697,2018-08-30T23:17:21.697Z,buy,6.889e-05,139.0,0.00957571
ICN/BTC,1535671146754,2018-08-30T23:19:06.754Z,sell,6.852e-05,35.0,0.0023982
ICN/BTC,1535671146776,2018-08-30T23:19:06.776Z,sell,6.836e-05,64.0,0.00437504
ICN/BTC,1535671146776,2018-08-30T23:19:06.776Z,sell,6.834e-05,138.0,0.00943092
ICN/BTC,1535671146776,2018-08-30T23:19:06.776Z,sell,6.818e-05,16.0,0.00109088
ICN/BTC,1535671146776,2018-08-30T23:19:06.776Z,sell,6.814e-05,15.0,0.0010221
ICN/BTC,1535671146778,2018-08-30T23:19:06.778Z,sell,6.814e-05,31.0,0.00211234
ICN/BTC,1535671146778,2018-08-30T23:19:06.778Z,sell,6.809e-05,202.0,0.01375418
ICN/BTC,1535671146783,2018-08-30T23:19:06.783Z,sell,6.809e-05,233.0,0.01586497
ICN/BTC,1535671146785,2018-08-30T23:19:06.785Z,sell,6.809e-05,141.0,0.009600689999999999
ICN/BTC,1535671146785,2018-08-30T23:19:06.785Z,sell,6.808e-05,34.0,0.00231472
ICN/BTC,1535671180193,2018-08-30T23:19:40.193Z,buy,6.837e-05,146.0,0.00998202
ICN/BTC,1535671180193,2018-08-30T23:19:40.193Z,buy,6.838e-05,54.0,0.0036925200000000004
ICN/BTC,1535671543737,2018-08-30T23:25:43.737Z,buy,6.838e-05,44.0,0.0030087200000000003
ICN/BTC,1535672966447,2018-08-30T23:49:26.447Z,sell,6.806e-05,364.0,0.02477384
ICN/BTC,1535673017607,2018-08-30T23:50:17.607Z,buy,6.826e-05,7.0,0.00047782
ICN/BTC,1535673040789,2018-08-30T23:50:40.789Z,buy,6.826e-05,5.0,0.0003413
ICN/BTC,1535673123533,2018-08-30T23:52:03.533Z,buy,6.823e-05,675.0,0.04605525
ICN/BTC,1535673236398,2018-08-30T23:53:56.398Z,buy,6.823e-05,1.0,6.823e-05
ICN/BTC,1535673623953,2018-08-31T00:00:23.953Z,sell,6.807e-05,47.0,0.00319929
ICN/BTC,1535673688466,2018-08-31T00:01:28.466Z,buy,6.823e-05,2.0,0.00013646
ICN/BTC,1535674055040,2018-08-31T00:07:35.040Z,buy,6.822e-05,167.0,0.011392739999999998
ICN/BTC,1535674055040,2018-08-31T00:07:35.040Z,buy,6.822e-05,167.0,0.011392739999999998
ICN/BTC,1535674084764,2018-08-31T00:08:04.764Z,buy,6.824e-05,14.0,0.0009553599999999999
ICN/BTC,1535674097839,2018-08-31T00:08:17.839Z,buy,6.824e-05,68.0,0.00464032
ICN/BTC,1535675718092,2018-08-31T00:35:18.092Z,buy,6.837e-05,390.0,0.0266643
ICN/BTC,1535675949725,2018-08-31T00:39:09.725Z,sell,6.808e-05,78.0,0.00531024
ICN/BTC,1535675949725,2018-08-31T00:39:09.725Z,sell,6.807e-05,147.0,0.010006290000000001
ICN/BTC,1535675949725,2018-08-31T00:39:09.725Z,sell,6.806e-05,165.0,0.0112299
ICN/BTC,1535676083686,2018-08-31T00:41:23.686Z,sell,6.806e-05,234.0,0.01592604
ICN/BTC,1535676200120,2018-08-31T00:43:20.120Z,sell,6.806e-05,594.0,0.04042764
ICN/BTC,1535677078469,2018-08-31T00:57:58.469Z,buy,6.806e-05,30.0,0.0020418
ICN/BTC,1535677089835,2018-08-31T00:58:09.835Z,buy,6.806e-05,314.0,0.02137084
ICN/BTC,1535677221801,2018-08-31T01:00:21.801Z,buy,6.806e-05,20.0,0.0013612
ICN/BTC,1535677267251,2018-08-31T01:01:07.251Z,buy,6.806e-05,2.0,0.00013612
ICN/BTC,1535677267251,2018-08-31T01:01:07.251Z,buy,6.806e-05,2.0,0.00013612
ICN/BTC,1535677658457,2018-08-31T01:07:38.457Z,sell,6.805e-05,28.0,0.0019054
ICN/BTC,1535677920026,2018-08-31T01:12:00.026Z,buy,6.806e-05,146.0,0.00993676
ICN/BTC,1535678026002,2018-08-31T01:13:46.002Z,buy,6.806e-05,140.0,0.0095284
ICN/BTC,1535678128755,2018-08-31T01:15:28.755Z,buy,6.806e-05,45.0,0.0030627
ICN/BTC,1535678647831,2018-08-31T01:24:07.831Z,sell,6.805e-05,1.0,6.805e-05
ICN/BTC,1535678655691,2018-08-31T01:24:15.691Z,buy,6.834e-05,1.0,6.834e-05
ICN/BTC,1535678932816,2018-08-31T01:28:52.816Z,buy,6.833e-05,25.0,0.0017082500000000001
ICN/BTC,1535678996357,2018-08-31T01:29:56.357Z,sell,6.805e-05,44.0,0.0029942
ICN/BTC,1535679585535,2018-08-31T01:39:45.535Z,sell,6.819e-05,1.0,6.819e-05
ICN/BTC,1535679589745,2018-08-31T01:39:49.745Z,buy,6.838e-05,1.0,6.838e-05
ICN/BTC,1535679617873,2018-08-31T01:40:17.873Z,sell,6.819e-05,17.0,0.00115923
ICN/BTC,1535679617873,2018-08-31T01:40:17.873Z,sell,6.805e-05,293.0,0.01993865
ICN/BTC,1535679617873,2018-08-31T01:40:17.873Z,sell,6.804e-05,416.0,0.028304640000000002
ICN/BTC,1535679947483,2018-08-31T01:45:47.483Z,sell,6.804e-05,1.0,6.804e-05
ICN/BTC,1535679947483,2018-08-31T01:45:47.483Z,sell,6.804e-05,1.0,6.804e-05
ICN/BTC,1535681623938,2018-08-31T02:13:43.938Z,sell,6.804e-05,595.0,0.0404838
ICN/BTC,1535681640512,2018-08-31T02:14:00.512Z,sell,6.804e-05,179.0,0.012179160000000001
ICN/BTC,1535681640553,2018-08-31T02:14:00.553Z,sell,6.804e-05,60.0,0.0040824
ICN/BTC,1535681667543,2018-08-31T02:14:27.543Z,sell,6.804e-05,7.0,0.00047628000000000004
ICN/BTC,1535682469143,2018-08-31T02:27:49.143Z,buy,6.838e-05,75.0,0.0051285
ICN/BTC,1535683512833,2018-08-31T02:45:12.833Z,sell,6.804e-05,685.0,0.04660740000000001
ICN/BTC,1535683512841,2018-08-31T02:45:12.841Z,sell,6.804e-05,150.0,0.010206000000000002
ICN/BTC,1535683512841,2018-08-31T02:45:12.841Z,sell,6.803e-05,20.0,0.0013606
ICN/BTC,1535683512841,2018-08-31T02:45:12.841Z,sell,6.8e-05,430.0,0.02924
ICN/BTC,1535683518082,2018-08-31T02:45:18.082Z,buy,6.836e-05,99.0,0.00676764
ICN/BTC,1535683518082,2018-08-31T02:45:18.082Z,buy,6.838e-05,627.0,0.042874260000000004
ICN/BTC,1535683518082,2018-08-31T02:45:18.082Z,buy,6.836e-05,99.0,0.00676764
ICN/BTC,1535683518082,2018-08-31T02:45:18.082Z,buy,6.838e-05,627.0,0.042874260000000004
ICN/BTC,1535683618698,2018-08-31T02:46:58.698Z,sell,6.8e-05,1.0,6.8e-05
ICN/BTC,1535684017188,2018-08-31T02:53:37.188Z,sell,6.8e-05,60.0,0.00408
ICN/BTC,1535684574312,2018-08-31T03:02:54.312Z,sell,6.8e-05,184.0,0.012512
ICN/BTC,1535684574312,2018-08-31T03:02:54.312Z,sell,6.778e-05,15.0,0.0010167000000000002
ICN/BTC,1535684574312,2018-08-31T03:02:54.312Z,sell,6.776e-05,406.0,0.02751056
ICN/BTC,1535684574350,2018-08-31T03:02:54.350Z,buy,6.759e-05,18.0,0.0012166199999999999
ICN/BTC,1535684574691,2018-08-31T03:02:54.691Z,buy,6.759e-05,1307.0,0.08834012999999999
ICN/BTC,1535684575737,2018-08-31T03:02:55.737Z,buy,6.845e-05,16.0,0.0010952
ICN/BTC,1535684618622,2018-08-31T03:03:38.622Z,sell,6.761e-05,185.0,0.01250785
ICN/BTC,1535684618622,2018-08-31T03:03:38.622Z,sell,6.76e-05,213.0,0.014398800000000002
ICN/BTC,1535684618622,2018-08-31T03:03:38.622Z,sell,6.751e-05,48.0,0.0032404799999999996
ICN/BTC,1535684618622,2018-08-31T03:03:38.622Z,sell,6.75e-05,273.0,0.0184275
ICN/BTC,1535684751774,2018-08-31T03:05:51.774Z,sell,6.752e-05,60.0,0.0040512000000000005
ICN/BTC,1535684798123,2018-08-31T03:06:38.123Z,sell,6.752e-05,88.0,0.005941760000000001
ICN/BTC,1535684798123,2018-08-31T03:06:38.123Z,sell,6.751e-05,626.0,0.042261259999999995
ICN/BTC,1535684798123,2018-08-31T03:06:38.123Z,sell,6.75e-05,384.0,0.02592
ICN/BTC,1535685019165,2018-08-31T03:10:19.165Z,buy,6.795e-05,3.0,0.00020385
ICN/BTC,1535686409146,2018-08-31T03:33:29.146Z,sell,6.778e-05,15.0,0.0010167000000000002
ICN/BTC,1535686409146,2018-08-31T03:33:29.146Z,sell,6.74e-05,11.0,0.0007414
ICN/BTC,1535686418675,2018-08-31T03:33:38.675Z,sell,6.74e-05,7.0,0.0004718
ICN/BTC,1535686423788,2018-08-31T03:33:43.788Z,sell,6.74e-05,46.0,0.0031004
ICN/BTC,1535686549485,2018-08-31T03:35:49.485Z,sell,6.741e-05,70.0,0.004718699999999999
ICN/BTC,1535686889090,2018-08-31T03:41:29.090Z,buy,6.789e-05,1.0,6.789e-05
ICN/BTC,1535686889090,2018-08-31T03:41:29.090Z,buy,6.789e-05,1.0,6.789e-05
ICN/BTC,1535687291091,2018-08-31T03:48:11.091Z,buy,6.786e-05,4.0,0.00027144
ICN/BTC,1535687473608,2018-08-31T03:51:13.608Z,buy,6.786e-05,1.0,6.786e-05
ICN/BTC,1535687636709,2018-08-31T03:53:56.709Z,buy,6.786e-05,1.0,6.786e-05
ICN/BTC,1535688069111,2018-08-31T04:01:09.111Z,buy,6.786e-05,1.0,6.786e-05
ICN/BTC,1535688965518,2018-08-31T04:16:05.518Z,buy,6.786e-05,433.0,0.02938338
ICN/BTC,1535689116669,2018-08-31T04:18:36.669Z,sell,6.804e-05,20.0,0.0013608000000000001
ICN/BTC,1535689205547,2018-08-31T04:20:05.547Z,buy,6.801e-05,37.0,0.00251637
ICN/BTC,1535689205547,2018-08-31T04:20:05.547Z,buy,6.802e-05,89.0,0.00605378
ICN/BTC,1535689205547,2018-08-31T04:20:05.547Z,buy,6.801e-05,37.0,0.00251637
ICN/BTC,1535689205547,2018-08-31T04:20:05.547Z,buy,6.802e-05,89.0,0.00605378
ICN/BTC,1535690770367,2018-08-31T04:46:10.367Z,buy,6.822e-05,23.0,0.00156906
ICN/BTC,1535690825843,2018-08-31T04:47:05.843Z,sell,6.802e-05,1.0,6.802e-05
ICN/BTC,1535690978241,2018-08-31T04:49:38.241Z,sell,6.802e-05,210.0,0.0142842
ICN/BTC,1535691733281,2018-08-31T05:02:13.281Z,sell,6.809e-05,559.0,0.038062309999999995
ICN/BTC,1535692198532,2018-08-31T05:09:58.532Z,sell,6.809e-05,88.0,0.0059919199999999995
ICN/BTC,1535692198532,2018-08-31T05:09:58.532Z,sell,6.802e-05,2.0,0.00013604
ICN/BTC,1535692669837,2018-08-31T05:17:49.837Z,sell,6.802e-05,350.0,0.023807000000000002
ICN/BTC,1535692716553,2018-08-31T05:18:36.553Z,buy,6.824e-05,48.0,0.0032755199999999996
ICN/BTC,1535692716553,2018-08-31T05:18:36.553Z,buy,6.826e-05,146.0,0.00996596
ICN/BTC,1535692716553,2018-08-31T05:18:36.553Z,buy,6.827e-05,68.0,0.00464236
ICN/BTC,1535692720045,2018-08-31T05:18:40.045Z,buy,6.827e-05,86.0,0.00587122
ICN/BTC,1535692720045,2018-08-31T05:18:40.045Z,buy,6.827e-05,86.0,0.00587122
ICN/BTC,1535692983703,2018-08-31T05:23:03.703Z,sell,6.803e-05,145.0,0.00986435
ICN/BTC,1535692984494,2018-08-31T05:23:04.494Z,sell,6.803e-05,1.0,6.803e-05
ICN/BTC,1535692984494,2018-08-31T05:23:04.494Z,sell,6.802e-05,100.0,0.006802
ICN/BTC,1535693345259,2018-08-31T05:29:05.259Z,buy,6.828e-05,294.0,0.02007432
ICN/BTC,1535693345259,2018-08-31T05:29:05.259Z,buy,6.836e-05,112.0,0.00765632
ICN/BTC,1535693348151,2018-08-31T05:29:08.151Z,buy,6.836e-05,34.0,0.00232424
ICN/BTC,1535693348151,2018-08-31T05:29:08.151Z,buy,6.837e-05,99.0,0.0067686299999999994
ICN/BTC,1535693351048,2018-08-31T05:29:11.048Z,sell,6.802e-05,28.0,0.00190456
ICN/BTC,1535693465022,2018-08-31T05:31:05.022Z,sell,6.803e-05,146.0,0.00993238
ICN/BTC,1535693465022,2018-08-31T05:31:05.022Z,sell,6.802e-05,114.0,0.0077542800000000005
ICN/BTC,1535693476010,2018-08-31T05:31:16.010Z,buy,6.846e-05,194.0,0.013281240000000001
ICN/BTC,1535693478199,2018-08-31T05:31:18.199Z,buy,6.846e-05,47.0,0.00321762
ICN/BTC,1535693478199,2018-08-31T05:31:18.199Z,buy,6.897e-05,1.0,6.897e-05
ICN/BTC,1535693719746,2018-08-31T05:35:19.746Z,sell,6.823e-05,5.0,0.00034115
ICN/BTC,1535693738188,2018-08-31T05:35:38.188Z,sell,6.826e-05,146.0,0.00996596
ICN/BTC,1535693773966,2018-08-31T05:36:13.966Z,sell,6.831e-05,51.0,0.00348381
ICN/BTC,1535694514996,2018-08-31T05:48:34.996Z,sell,6.824e-05,1.0,6.824e-05
ICN/BTC,1535694531142,2018-08-31T05:48:51.142Z,sell,6.826e-05,146.0,0.00996596
ICN/BTC,1535694531142,2018-08-31T05:48:51.142Z,sell,6.825e-05,37.0,0.00252525
ICN/BTC,1535694531142,2018-08-31T05:48:51.142Z,sell,6.808e-05,25.0,0.001702
ICN/BTC,1535694531142,2018-08-31T05:48:51.142Z,sell,6.806e-05,46.0,0.00313076
ICN/BTC,1535694531142,2018-08-31T05:48:51.142Z,sell,6.804e-05,146.0,0.009933840000000001
ICN/BTC,1535694531142,2018-08-31T05:48:51.142Z,sell,6.802e-05,404.0,0.02748008
ICN/BTC,1535694534213,2018-08-31T05:48:54.213Z,buy,6.872e-05,23.0,0.0015805600000000002
ICN/BTC,1535694872639,2018-08-31T05:54:32.639Z,sell,6.809e-05,2.0,0.00013618
ICN/BTC,1535694872639,2018-08-31T05:54:32.639Z,sell,6.809e-05,2.0,0.00013618
ICN/BTC,1535697166368,2018-08-31T06:32:46.368Z,buy,6.855e-05,146.0,0.0100083
ICN/BTC,1535697166368,2018-08-31T06:32:46.368Z,buy,6.872e-05,37.0,0.00254264
ICN/BTC,1535697166368,2018-08-31T06:32:46.368Z,buy,6.873e-05,46.0,0.00316158
ICN/BTC,1535697166368,2018-08-31T06:32:46.368Z,buy,6.883e-05,146.0,0.010049180000000001
ICN/BTC,1535697166368,2018-08-31T06:32:46.368Z,buy,6.884e-05,407.0,0.02801788
ICN/BTC,1535697166368,2018-08-31T06:32:46.368Z,buy,6.885e-05,560.0,0.03855600000000001
ICN/BTC,1535697166368,2018-08-31T06:32:46.368Z,buy,6.89e-05,518.0,0.0356902
ICN/BTC,1535697168223,2018-08-31T06:32:48.223Z,buy,6.889e-05,145.0,0.00998905
ICN/BTC,1535697168223,2018-08-31T06:32:48.223Z,buy,6.89e-05,175.0,0.012057499999999999
ICN/BTC,1535697168223,2018-08-31T06:32:48.223Z,buy,6.899e-05,405.0,0.02794095
ICN/BTC,1535697553408,2018-08-31T06:39:13.408Z,buy,6.898e-05,165.0,0.011381699999999998
ICN/BTC,1535697553425,2018-08-31T06:39:13.425Z,sell,6.898e-05,105.0,0.007242899999999999
ICN/BTC,1535697553448,2018-08-31T06:39:13.448Z,sell,6.898e-05,17.0,0.0011726599999999998
ICN/BTC,1535697554248,2018-08-31T06:39:14.248Z,sell,6.898e-05,223.0,0.015382539999999998
ICN/BTC,1535697969671,2018-08-31T06:46:09.671Z,buy,6.865e-05,8.0,0.0005492
ICN/BTC,1535698004073,2018-08-31T06:46:44.073Z,sell,6.835e-05,215.0,0.014695249999999998
ICN/BTC,1535698004073,2018-08-31T06:46:44.073Z,sell,6.834e-05,424.0,0.02897616
ICN/BTC,1535698004073,2018-08-31T06:46:44.073Z,sell,6.82e-05,146.0,0.009957200000000001
ICN/BTC,1535698004073,2018-08-31T06:46:44.073Z,sell,6.81e-05,220.0,0.014982
ICN/BTC,1535698004073,2018-08-31T06:46:44.073Z,sell,6.809e-05,730.0,0.0497057
ICN/BTC,1535698004073,2018-08-31T06:46:44.073Z,sell,6.803e-05,123.0,0.00836769
ICN/BTC,1535698043200,2018-08-31T06:47:23.200Z,sell,6.809e-05,74.0,0.0050386599999999995
ICN/BTC,1535698140265,2018-08-31T06:49:00.265Z,buy,6.853e-05,23.0,0.0015761899999999999
ICN/BTC,1535698140265,2018-08-31T06:49:00.265Z,buy,6.853e-05,23.0,0.0015761899999999999
ICN/BTC,1535698883077,2018-08-31T07:01:23.077Z,buy,6.826e-05,59.0,0.00402734
ICN/BTC,1535698884161,2018-08-31T07:01:24.161Z,buy,6.826e-05,67.0,0.00457342
ICN/BTC,1535698918706,2018-08-31T07:01:58.706Z,buy,6.825e-05,7.0,0.00047775000000000004
ICN/BTC,1535699542640,2018-08-31T07:12:22.640Z,sell,6.811e-05,197.0,0.01341767
ICN/BTC,1535700177414,2018-08-31T07:22:57.414Z,buy,6.824e-05,27.0,0.0018424799999999999
ICN/BTC,1535700581239,2018-08-31T07:29:41.239Z,buy,6.824e-05,40.0,0.0027296
ICN/BTC,1535700581239,2018-08-31T07:29:41.239Z,buy,6.825e-05,146.0,0.009964500000000001
ICN/BTC,1535700581239,2018-08-31T07:29:41.239Z,buy,6.826e-05,795.0,0.0542667
ICN/BTC,1535700717891,2018-08-31T07:31:57.891Z,sell,6.813e-05,5.0,0.00034065
ICN/BTC,1535701144262,2018-08-31T07:39:04.262Z,sell,6.826e-05,120.0,0.0081912
ICN/BTC,1535701144262,2018-08-31T07:39:04.262Z,sell,6.826e-05,120.0,0.0081912
ICN/BTC,1535702512736,2018-08-31T08:01:52.736Z,sell,6.815e-05,20.0,0.001363
ICN/BTC,1535702519475,2018-08-31T08:01:59.475Z,buy,6.865e-05,7.0,0.00048055
ICN/BTC,1535702519475,2018-08-31T08:01:59.475Z,buy,6.893e-05,3.0,0.00020679000000000002
ICN/BTC,1535702582524,2018-08-31T08:03:02.524Z,sell,6.821e-05,10.0,0.0006820999999999999
ICN/BTC,1535702594420,2018-08-31T08:03:14.420Z,buy,6.878e-05,1.0,6.878e-05
ICN/BTC,1535702596267,2018-08-31T08:03:16.267Z,buy,6.877e-05,145.0,0.009971649999999999
ICN/BTC,1535702596267,2018-08-31T08:03:16.267Z,buy,6.893e-05,37.0,0.0025504100000000004
ICN/BTC,1535702596267,2018-08-31T08:03:16.267Z,buy,6.895e-05,20.0,0.001379
ICN/BTC,1535702596267,2018-08-31T08:03:16.267Z,buy,6.897e-05,68.0,0.00468996
ICN/BTC,1535702610098,2018-08-31T08:03:30.098Z,sell,6.889e-05,36.0,0.00248004
ICN/BTC,1535702610099,2018-08-31T08:03:30.099Z,sell,6.889e-05,8.0,0.00055112
ICN/BTC,1535702733873,2018-08-31T08:05:33.873Z,buy,6.888e-05,145.0,0.009987600000000001
ICN/BTC,1535702733873,2018-08-31T08:05:33.873Z,buy,6.889e-05,111.0,0.00764679
ICN/BTC,1535702922300,2018-08-31T08:08:42.300Z,buy,6.894e-05,38.0,0.00261972
ICN/BTC,1535702922300,2018-08-31T08:08:42.300Z,buy,6.895e-05,52.0,0.0035854
ICN/BTC,1535702922320,2018-08-31T08:08:42.320Z,sell,6.895e-05,95.0,0.00655025
ICN/BTC,1535702922335,2018-08-31T08:08:42.335Z,sell,6.895e-05,57.0,0.0039301499999999994
ICN/BTC,1535702922336,2018-08-31T08:08:42.336Z,sell,6.895e-05,147.0,0.01013565
ICN/BTC,1535702923174,2018-08-31T08:08:43.174Z,sell,6.895e-05,121.0,0.00834295
ICN/BTC,1535703175100,2018-08-31T08:12:55.100Z,sell,6.834e-05,500.0,0.03417
ICN/BTC,1535703708077,2018-08-31T08:21:48.077Z,sell,6.864e-05,155.0,0.0106392
ICN/BTC,1535703709721,2018-08-31T08:21:49.721Z,buy,6.862e-05,45.0,0.0030879
ICN/BTC,1535703848435,2018-08-31T08:24:08.435Z,sell,6.845e-05,218.0,0.014922099999999999
ICN/BTC,1535704216808,2018-08-31T08:30:16.808Z,sell,6.847e-05,477.0,0.03266019
ICN/BTC,1535704217316,2018-08-31T08:30:17.316Z,buy,6.895e-05,23.0,0.00158585
ICN/BTC,1535704496961,2018-08-31T08:34:56.961Z,sell,6.863e-05,707.0,0.04852141
ICN/BTC,1535704724566,2018-08-31T08:38:44.566Z,sell,6.858e-05,6618.0,0.45386244
ICN/BTC,1535704731377,2018-08-31T08:38:51.377Z,sell,6.859e-05,23.0,0.0015775700000000001
ICN/BTC,1535704731377,2018-08-31T08:38:51.377Z,sell,6.858e-05,2425.0,0.1663065
ICN/BTC,1535704731377,2018-08-31T08:38:51.377Z,sell,6.859e-05,23.0,0.0015775700000000001
ICN/BTC,1535704731377,2018-08-31T08:38:51.377Z,sell,6.858e-05,2425.0,0.1663065
ICN/BTC,1535705243664,2018-08-31T08:47:23.664Z,sell,6.868e-05,3.0,0.00020604
ICN/BTC,1535705350018,2018-08-31T08:49:10.018Z,sell,6.883e-05,120.0,0.0082596
ICN/BTC,1535705457020,2018-08-31T08:50:57.020Z,sell,6.885e-05,47.0,0.0032359500000000005
ICN/BTC,1535705547513,2018-08-31T08:52:27.513Z,sell,6.884e-05,1.0,6.884e-05
ICN/BTC,1535705694749,2018-08-31T08:54:54.749Z,buy,6.897e-05,18.0,0.00124146
ICN/BTC,1535705694791,2018-08-31T08:54:54.791Z,buy,6.897e-05,71.0,0.00489687
ICN/BTC,1535705694862,2018-08-31T08:54:54.862Z,buy,6.897e-05,86.0,0.00593142
ICN/BTC,1535705694862,2018-08-31T08:54:54.862Z,buy,6.898e-05,232.0,0.016003359999999998
ICN/BTC,1535705694862,2018-08-31T08:54:54.862Z,buy,6.899e-05,402.0,0.027733980000000002
ICN/BTC,1535705694904,2018-08-31T08:54:54.904Z,buy,6.899e-05,57.0,0.00393243
ICN/BTC,1535705694946,2018-08-31T08:54:54.946Z,buy,6.899e-05,286.0,0.01973114
ICN/BTC,1535705694961,2018-08-31T08:54:54.961Z,buy,6.899e-05,432.0,0.02980368
ICN/BTC,1535705694975,2018-08-31T08:54:54.975Z,buy,6.899e-05,71.0,0.0048982900000000005
ICN/BTC,1535705694975,2018-08-31T08:54:54.975Z,buy,6.899e-05,22.0,0.00151778
ICN/BTC,1535705694975,2018-08-31T08:54:54.975Z,buy,6.9e-05,63.0,0.004347
ICN/BTC,1535705694981,2018-08-31T08:54:54.981Z,buy,6.9e-05,82.0,0.005658
ICN/BTC,1535705694987,2018-08-31T08:54:54.987Z,buy,6.9e-05,71.0,0.004899
ICN/BTC,1535705695004,2018-08-31T08:54:55.004Z,buy,6.9e-05,413.0,0.028496999999999998
ICN/BTC,1535705695004,2018-08-31T08:54:55.004Z,buy,6.902e-05,29.0,0.00200158
ICN/BTC,1535705695004,2018-08-31T08:54:55.004Z,buy,6.905e-05,64.0,0.0044192
ICN/BTC,1535705695004,2018-08-31T08:54:55.004Z,buy,6.91e-05,59.0,0.0040769
ICN/BTC,1535705695004,2018-08-31T08:54:55.004Z,buy,6.911e-05,68.0,0.00469948
ICN/BTC,1535705695043,2018-08-31T08:54:55.043Z,buy,6.911e-05,12.0,0.0008293199999999999
ICN/BTC,1535705695043,2018-08-31T08:54:55.043Z,buy,6.912e-05,66.0,0.0045619200000000006
ICN/BTC,1535705695189,2018-08-31T08:54:55.189Z,buy,6.912e-05,23.0,0.00158976
ICN/BTC,1535705695189,2018-08-31T08:54:55.189Z,buy,6.92e-05,5.0,0.000346
ICN/BTC,1535705695249,2018-08-31T08:54:55.249Z,buy,6.92e-05,15.0,0.001038
ICN/BTC,1535705695249,2018-08-31T08:54:55.249Z,buy,6.923e-05,271.0,0.01876133
ICN/BTC,1535705695308,2018-08-31T08:54:55.308Z,buy,6.923e-05,15.0,0.00103845
ICN/BTC,1535705695324,2018-08-31T08:54:55.324Z,buy,6.923e-05,30.0,0.0020769
ICN/BTC,1535705695367,2018-08-31T08:54:55.367Z,buy,6.923e-05,41.0,0.00283843
ICN/BTC,1535705695471,2018-08-31T08:54:55.471Z,buy,6.923e-05,128.0,0.00886144
ICN/BTC,1535705695611,2018-08-31T08:54:55.611Z,buy,6.923e-05,15.0,0.00103845
ICN/BTC,1535705695611,2018-08-31T08:54:55.611Z,buy,6.93e-05,64.0,0.0044352
ICN/BTC,1535705710076,2018-08-31T08:55:10.076Z,buy,6.93e-05,38.0,0.0026334
ICN/BTC,1535705710076,2018-08-31T08:55:10.076Z,buy,6.94e-05,20.0,0.0013880000000000001
ICN/BTC,1535705710076,2018-08-31T08:55:10.076Z,buy,6.95e-05,64.0,0.004448
ICN/BTC,1535705710076,2018-08-31T08:55:10.076Z,buy,6.96e-05,20.0,0.001392
ICN/BTC,1535705710076,2018-08-31T08:55:10.076Z,buy,6.969e-05,581.0,0.04048989
ICN/BTC,1535705710076,2018-08-31T08:55:10.076Z,buy,6.97e-05,20.0,0.001394
ICN/BTC,1535705710076,2018-08-31T08:55:10.076Z,buy,6.974e-05,21.0,0.00146454
ICN/BTC,1535705710076,2018-08-31T08:55:10.076Z,buy,6.978e-05,306.0,0.02135268
ICN/BTC,1535705742918,2018-08-31T08:55:42.918Z,sell,6.905e-05,54.0,0.0037286999999999997
ICN/BTC,1535705746064,2018-08-31T08:55:46.064Z,sell,6.907e-05,62.0,0.00428234
ICN/BTC,1535705746125,2018-08-31T08:55:46.125Z,sell,6.907e-05,117.0,0.00808119
ICN/BTC,1535705748276,2018-08-31T08:55:48.276Z,sell,6.907e-05,73.0,0.00504211
ICN/BTC,1535705749076,2018-08-31T08:55:49.076Z,sell,6.908e-05,217.0,0.01499036
ICN/BTC,1535705751142,2018-08-31T08:55:51.142Z,sell,6.908e-05,592.0,0.04089536
ICN/BTC,1535705754145,2018-08-31T08:55:54.145Z,buy,6.957e-05,147.0,0.01022679
ICN/BTC,1535705766140,2018-08-31T08:56:06.140Z,sell,6.907e-05,70.0,0.0048349000000000005
ICN/BTC,1535705773136,2018-08-31T08:56:13.136Z,sell,6.906e-05,70.0,0.0048342
ICN/BTC,1535705782506,2018-08-31T08:56:22.506Z,buy,6.908e-05,743.0,0.051326439999999994
ICN/BTC,1535705794156,2018-08-31T08:56:34.156Z,buy,6.913e-05,153.0,0.01057689
ICN/BTC,1535705823239,2018-08-31T08:57:03.239Z,sell,6.917e-05,44.0,0.0030434800000000003
ICN/BTC,1535705838179,2018-08-31T08:57:18.179Z,sell,6.921e-05,59.0,0.00408339
ICN/BTC,1535705925399,2018-08-31T08:58:45.399Z,sell,6.945e-05,15.0,0.00104175
ICN/BTC,1535705925789,2018-08-31T08:58:45.789Z,buy,6.972e-05,98.0,0.0068325600000000005
ICN/BTC,1535705929714,2018-08-31T08:58:49.714Z,sell,6.946e-05,21.0,0.00145866
ICN/BTC,1535705939187,2018-08-31T08:58:59.187Z,sell,6.946e-05,119.0,0.00826574
ICN/BTC,1535705939755,2018-08-31T08:58:59.755Z,buy,6.972e-05,55.0,0.0038346
ICN/BTC,1535705940080,2018-08-31T08:59:00.080Z,sell,6.972e-05,943.0,0.06574596
ICN/BTC,1535705941740,2018-08-31T08:59:01.740Z,sell,6.972e-05,124.0,0.00864528
ICN/BTC,1535705944355,2018-08-31T08:59:04.355Z,sell,6.972e-05,510.0,0.035557200000000004
ICN/BTC,1535705945999,2018-08-31T08:59:05.999Z,sell,6.972e-05,73.0,0.00508956
ICN/BTC,1535705949480,2018-08-31T08:59:09.480Z,sell,6.973e-05,22.0,0.0015340599999999999
ICN/BTC,1535705955428,2018-08-31T08:59:15.428Z,sell,6.973e-05,442.0,0.03082066
ICN/BTC,1535705959233,2018-08-31T08:59:19.233Z,sell,6.973e-05,200.0,0.013946
ICN/BTC,1535705959632,2018-08-31T08:59:19.632Z,buy,6.978e-05,34.0,0.00237252
ICN/BTC,1535705965399,2018-08-31T08:59:25.399Z,sell,6.979e-05,2.0,0.00013958
ICN/BTC,1535705967636,2018-08-31T08:59:27.636Z,sell,6.979e-05,509.0,0.03552311
ICN/BTC,1535705969579,2018-08-31T08:59:29.579Z,sell,6.979e-05,580.0,0.0404782
ICN/BTC,1535705970408,2018-08-31T08:59:30.408Z,sell,6.979e-05,313.0,0.02184427
ICN/BTC,1535705972298,2018-08-31T08:59:32.298Z,sell,6.979e-05,712.0,0.049690479999999995
ICN/BTC,1535705973206,2018-08-31T08:59:33.206Z,sell,6.979e-05,370.0,0.0258223
ICN/BTC,1535705974248,2018-08-31T08:59:34.248Z,sell,6.979e-05,193.0,0.013469469999999999
ICN/BTC,1535705977791,2018-08-31T08:59:37.791Z,sell,6.979e-05,77.0,0.00537383
ICN/BTC,1535705977791,2018-08-31T08:59:37.791Z,sell,6.978e-05,23.0,0.00160494
ICN/BTC,1535705980971,2018-08-31T08:59:40.971Z,sell,6.978e-05,235.0,0.0163983
ICN/BTC,1535705981562,2018-08-31T08:59:41.562Z,sell,6.978e-05,119.0,0.00830382
ICN/BTC,1535705981839,2018-08-31T08:59:41.839Z,sell,6.978e-05,461.0,0.03216858
ICN/BTC,1535705981849,2018-08-31T08:59:41.849Z,sell,6.978e-05,57.0,0.00397746
ICN/BTC,1535705982263,2018-08-31T08:59:42.263Z,buy,6.98e-05,102.0,0.0071196
ICN/BTC,1535705982263,2018-08-31T08:59:42.263Z,buy,6.981e-05,11.0,0.00076791
ICN/BTC,1535706000731,2018-08-31T09:00:00.731Z,sell,6.98e-05,16.0,0.0011168
ICN/BTC,1535706008789,2018-08-31T09:00:08.789Z,buy,6.981e-05,159.0,0.01109979
ICN/BTC,1535706031253,2018-08-31T09:00:31.253Z,buy,6.983e-05,44.0,0.00307252
ICN/BTC,1535706032936,2018-08-31T09:00:32.936Z,sell,6.979e-05,5.0,0.00034895
ICN/BTC,1535706034597,2018-08-31T09:00:34.597Z,sell,6.979e-05,8.0,0.00055832
ICN/BTC,1535706044376,2018-08-31T09:00:44.376Z,buy,6.987e-05,85.0,0.005938949999999999
ICN/BTC,1535706052286,2018-08-31T09:00:52.286Z,buy,6.99e-05,20.0,0.0013980000000000002
ICN/BTC,1535706053245,2018-08-31T09:00:53.245Z,buy,6.991e-05,102.0,0.00713082
ICN/BTC,1535706053253,2018-08-31T09:00:53.253Z,buy,6.991e-05,50.0,0.0034955
ICN/BTC,1535706060367,2018-08-31T09:01:00.367Z,buy,6.991e-05,454.0,0.03173914
ICN/BTC,1535706061583,2018-08-31T09:01:01.583Z,sell,6.991e-05,82.0,0.00573262
ICN/BTC,1535706068788,2018-08-31T09:01:08.788Z,buy,6.992e-05,268.0,0.018738559999999998
ICN/BTC,1535706079297,2018-08-31T09:01:19.297Z,buy,6.994e-05,211.0,0.014757339999999999
ICN/BTC,1535706081634,2018-08-31T09:01:21.634Z,buy,6.994e-05,229.0,0.01601626
ICN/BTC,1535706083865,2018-08-31T09:01:23.865Z,sell,6.983e-05,43.0,0.00300269
ICN/BTC,1535706087782,2018-08-31T09:01:27.782Z,sell,6.984e-05,28.0,0.0019555199999999997
ICN/BTC,1535706132222,2018-08-31T09:02:12.222Z,buy,6.994e-05,780.0,0.054553199999999996
ICN/BTC,1535706157401,2018-08-31T09:02:37.401Z,buy,6.996e-05,73.0,0.00510708
ICN/BTC,1535706157401,2018-08-31T09:02:37.401Z,buy,6.997e-05,34.0,0.0023789799999999997
ICN/BTC,1535706157401,2018-08-31T09:02:37.401Z,buy,7e-05,15.0,0.00105
ICN/BTC,1535706163118,2018-08-31T09:02:43.118Z,buy,7e-05,2046.0,0.14322
ICN/BTC,1535706180164,2018-08-31T09:03:00.164Z,buy,7e-05,2611.0,0.18277
ICN/BTC,1535706180963,2018-08-31T09:03:00.963Z,buy,7.007e-05,21.0,0.00147147
ICN/BTC,1535706180963,2018-08-31T09:03:00.963Z,buy,7.008e-05,29.0,0.0020323200000000002
ICN/BTC,1535706180963,2018-08-31T09:03:00.963Z,buy,7.01e-05,20.0,0.001402
ICN/BTC,1535706180963,2018-08-31T09:03:00.963Z,buy,7.013e-05,31.0,0.00217403
ICN/BTC,1535706180963,2018-08-31T09:03:00.963Z,buy,7.015e-05,35.0,0.00245525
ICN/BTC,1535706213509,2018-08-31T09:03:33.509Z,buy,7.015e-05,10.0,0.0007015
ICN/BTC,1535706216966,2018-08-31T09:03:36.966Z,buy,7.016e-05,16.0,0.00112256
ICN/BTC,1535706217119,2018-08-31T09:03:37.119Z,sell,7.015e-05,5.0,0.00035075
ICN/BTC,1535706217119,2018-08-31T09:03:37.119Z,sell,7.003e-05,83.0,0.00581249
ICN/BTC,1535706253253,2018-08-31T09:04:13.253Z,sell,7.003e-05,80.0,0.0056024000000000004
ICN/BTC,1535706446533,2018-08-31T09:07:26.533Z,buy,7.016e-05,81.0,0.005682960000000001
ICN/BTC,1535706560405,2018-08-31T09:09:20.405Z,sell,7.011e-05,8.0,0.00056088
ICN/BTC,1535706570219,2018-08-31T09:09:30.219Z,buy,7.016e-05,32.0,0.00224512
ICN/BTC,1535706615970,2018-08-31T09:10:15.970Z,buy,7.016e-05,1431.0,0.10039896000000001
ICN/BTC,1535706627193,2018-08-31T09:10:27.193Z,sell,7.013e-05,102.0,0.00715326
ICN/BTC,1535706640209,2018-08-31T09:10:40.209Z,buy,7.016e-05,1094.0,0.07675504000000001
ICN/BTC,1535706644469,2018-08-31T09:10:44.469Z,sell,7.016e-05,50.0,0.0035080000000000003
ICN/BTC,1535706654109,2018-08-31T09:10:54.109Z,buy,7.02e-05,284.0,0.0199368
ICN/BTC,1535706654109,2018-08-31T09:10:54.109Z,buy,7.027e-05,500.0,0.035135
ICN/BTC,1535706654132,2018-08-31T09:10:54.132Z,sell,7.027e-05,23.0,0.00161621
ICN/BTC,1535706654207,2018-08-31T09:10:54.207Z,sell,7.027e-05,32.0,0.00224864
ICN/BTC,1535706656196,2018-08-31T09:10:56.196Z,sell,7.027e-05,118.0,0.00829186
ICN/BTC,1535706662543,2018-08-31T09:11:02.543Z,sell,7.028e-05,22.0,0.00154616
ICN/BTC,1535706667548,2018-08-31T09:11:07.548Z,buy,7.03e-05,20.0,0.0014060000000000001
ICN/BTC,1535706669913,2018-08-31T09:11:09.913Z,buy,7.04e-05,15.0,0.001056
ICN/BTC,1535706673174,2018-08-31T09:11:13.174Z,buy,7.04e-05,5.0,0.000352
ICN/BTC,1535706675432,2018-08-31T09:11:15.432Z,buy,7.05e-05,20.0,0.0014100000000000002
ICN/BTC,1535706675432,2018-08-31T09:11:15.432Z,buy,7.054e-05,196.0,0.013825839999999999
ICN/BTC,1535706678679,2018-08-31T09:11:18.679Z,buy,7.054e-05,28.0,0.00197512
ICN/BTC,1535706684314,2018-08-31T09:11:24.314Z,buy,7.054e-05,342.0,0.02412468
ICN/BTC,1535706684562,2018-08-31T09:11:24.562Z,buy,7.054e-05,363.0,0.02560602
ICN/BTC,1535706684639,2018-08-31T09:11:24.639Z,sell,7.054e-05,102.0,0.0071950799999999995
ICN/BTC,1535706684695,2018-08-31T09:11:24.695Z,sell,7.054e-05,23.0,0.00162242
ICN/BTC,1535706685426,2018-08-31T09:11:25.426Z,sell,7.02e-05,18.0,0.0012636
ICN/BTC,1535706685882,2018-08-31T09:11:25.882Z,sell,7.02e-05,19.0,0.0013338
ICN/BTC,1535706685882,2018-08-31T09:11:25.882Z,sell,7.019e-05,67.0,0.0047027300000000005
ICN/BTC,1535706686247,2018-08-31T09:11:26.247Z,sell,7.054e-05,348.0,0.02454792
ICN/BTC,1535706687635,2018-08-31T09:11:27.635Z,sell,7.054e-05,23.0,0.00162242
ICN/BTC,1535706689780,2018-08-31T09:11:29.780Z,sell,7.054e-05,188.0,0.01326152
ICN/BTC,1535706690390,2018-08-31T09:11:30.390Z,sell,7.021e-05,7.0,0.0004914699999999999
ICN/BTC,1535706692503,2018-08-31T09:11:32.503Z,sell,7.055e-05,739.0,0.052136449999999994
ICN/BTC,1535706692564,2018-08-31T09:11:32.564Z,sell,7.055e-05,102.0,0.0071960999999999995
ICN/BTC,1535706695249,2018-08-31T09:11:35.249Z,sell,7.055e-05,37.0,0.0026103499999999996
ICN/BTC,1535706718717,2018-08-31T09:11:58.717Z,buy,7.053e-05,28.0,0.0019748400000000003
ICN/BTC,1535706720045,2018-08-31T09:12:00.045Z,buy,7.053e-05,39.0,0.00275067
ICN/BTC,1535706720045,2018-08-31T09:12:00.045Z,buy,7.054e-05,169.0,0.01192126
ICN/BTC,1535706720824,2018-08-31T09:12:00.824Z,sell,7.031e-05,173.0,0.01216363
ICN/BTC,1535706726734,2018-08-31T09:12:06.734Z,sell,7.034e-05,172.0,0.012098479999999998
ICN/BTC,1535706728059,2018-08-31T09:12:08.059Z,sell,7.034e-05,103.0,0.00724502
ICN/BTC,1535706734575,2018-08-31T09:12:14.575Z,sell,7.035e-05,60.0,0.004221
ICN/BTC,1535706735109,2018-08-31T09:12:15.109Z,sell,7.035e-05,173.0,0.01217055
ICN/BTC,1535706736966,2018-08-31T09:12:16.966Z,sell,7.032e-05,170.0,0.0119544
ICN/BTC,1535706737999,2018-08-31T09:12:17.999Z,sell,7.018e-05,3.0,0.00021054
ICN/BTC,1535706775757,2018-08-31T09:12:55.757Z,buy,7.054e-05,66.0,0.00465564
ICN/BTC,1535706775757,2018-08-31T09:12:55.757Z,buy,7.06e-05,20.0,0.0014119999999999998
ICN/BTC,1535706775757,2018-08-31T09:12:55.757Z,buy,7.063e-05,25.0,0.0017657500000000002
ICN/BTC,1535706785626,2018-08-31T09:13:05.626Z,sell,7.036e-05,534.0,0.03757224
ICN/BTC,1535706796804,2018-08-31T09:13:16.804Z,buy,7.062e-05,40.0,0.0028247999999999997
ICN/BTC,1535706796804,2018-08-31T09:13:16.804Z,buy,7.063e-05,76.0,0.00536788
ICN/BTC,1535706824403,2018-08-31T09:13:44.403Z,buy,7.063e-05,36.0,0.0025426800000000003
ICN/BTC,1535706883447,2018-08-31T09:14:43.447Z,buy,7.063e-05,375.0,0.026486250000000003
ICN/BTC,1535706891537,2018-08-31T09:14:51.537Z,buy,7.064e-05,756.0,0.05340384
ICN/BTC,1535706914386,2018-08-31T09:15:14.386Z,sell,7.065e-05,22.0,0.0015543
ICN/BTC,1535706918875,2018-08-31T09:15:18.875Z,buy,7.07e-05,22.0,0.0015554
ICN/BTC,1535706924666,2018-08-31T09:15:24.666Z,buy,7.07e-05,35.0,0.0024744999999999997
ICN/BTC,1535706926897,2018-08-31T09:15:26.897Z,buy,7.07e-05,35.0,0.0024744999999999997
ICN/BTC,1535706936262,2018-08-31T09:15:36.262Z,buy,7.07e-05,10.0,0.000707
ICN/BTC,1535706937961,2018-08-31T09:15:37.961Z,sell,7.07e-05,116.0,0.0082012
ICN/BTC,1535706937990,2018-08-31T09:15:37.990Z,sell,7.07e-05,74.0,0.0052318
ICN/BTC,1535706937990,2018-08-31T09:15:37.990Z,sell,7.066e-05,41.0,0.0028970600000000003
ICN/BTC,1535707112654,2018-08-31T09:18:32.654Z,buy,7.073e-05,40.0,0.0028291999999999996
ICN/BTC,1535707130160,2018-08-31T09:18:50.160Z,sell,7.072e-05,92.0,0.00650624
ICN/BTC,1535707130160,2018-08-31T09:18:50.160Z,sell,7.071e-05,908.0,0.06420468
ICN/BTC,1535707135686,2018-08-31T09:18:55.686Z,buy,7.073e-05,60.0,0.0042438
ICN/BTC,1535707140417,2018-08-31T09:19:00.417Z,sell,7.073e-05,28.0,0.00198044
ICN/BTC,1535707140770,2018-08-31T09:19:00.770Z,buy,7.074e-05,29.0,0.00205146
ICN/BTC,1535707141068,2018-08-31T09:19:01.068Z,sell,7.074e-05,280.0,0.0198072
ICN/BTC,1535707147243,2018-08-31T09:19:07.243Z,sell,7.074e-05,583.0,0.04124142
ICN/BTC,1535707149310,2018-08-31T09:19:09.310Z,sell,7.074e-05,292.0,0.02065608
ICN/BTC,1535707150385,2018-08-31T09:19:10.385Z,buy,7.075e-05,282.0,0.0199515
ICN/BTC,1535707158721,2018-08-31T09:19:18.721Z,buy,7.075e-05,117.0,0.00827775
ICN/BTC,1535707162820,2018-08-31T09:19:22.820Z,buy,7.075e-05,29.0,0.0020517499999999998
ICN/BTC,1535707164614,2018-08-31T09:19:24.614Z,sell,7.074e-05,28.0,0.00198072
ICN/BTC,1535707202921,2018-08-31T09:20:02.921Z,sell,7.074e-05,588.0,0.04159512
ICN/BTC,1535707241708,2018-08-31T09:20:41.708Z,buy,7.075e-05,8.0,0.000566
ICN/BTC,1535707263503,2018-08-31T09:21:03.503Z,sell,7.076e-05,35.0,0.0024766
ICN/BTC,1535707264693,2018-08-31T09:21:04.693Z,sell,7.076e-05,35.0,0.0024766
ICN/BTC,1535707274747,2018-08-31T09:21:14.747Z,buy,7.08e-05,48.0,0.0033984
ICN/BTC,1535707274747,2018-08-31T09:21:14.747Z,sell,7.08e-05,170.0,0.012036
ICN/BTC,1535707299164,2018-08-31T09:21:39.164Z,buy,7.079e-05,349.0,0.024705710000000002
ICN/BTC,1535707304639,2018-08-31T09:21:44.639Z,sell,7.08e-05,81.0,0.0057348
ICN/BTC,1535707324834,2018-08-31T09:22:04.834Z,sell,7.083e-05,488.0,0.03456504
ICN/BTC,1535707335110,2018-08-31T09:22:15.110Z,sell,7.081e-05,288.0,0.02039328
ICN/BTC,1535707343748,2018-08-31T09:22:23.748Z,sell,7.085e-05,579.0,0.04102215
ICN/BTC,1535707358513,2018-08-31T09:22:38.513Z,buy,7.086e-05,75.0,0.0053145
ICN/BTC,1535707369790,2018-08-31T09:22:49.790Z,sell,7.085e-05,2314.0,0.1639469
ICN/BTC,1535707372984,2018-08-31T09:22:52.984Z,sell,7.085e-05,733.0,0.05193305
ICN/BTC,1535707389592,2018-08-31T09:23:09.592Z,sell,7.085e-05,1000.0,0.07085
ICN/BTC,1535707394638,2018-08-31T09:23:14.638Z,buy,7.086e-05,8.0,0.00056688
ICN/BTC,1535707394638,2018-08-31T09:23:14.638Z,buy,7.089e-05,13.0,0.0009215699999999999
ICN/BTC,1535707396807,2018-08-31T09:23:16.807Z,buy,7.089e-05,21.0,0.00148869
ICN/BTC,1535707397566,2018-08-31T09:23:17.566Z,buy,7.089e-05,66.0,0.00467874
ICN/BTC,1535707399579,2018-08-31T09:23:19.579Z,buy,7.089e-05,100.0,0.007089
ICN/BTC,1535707404930,2018-08-31T09:23:24.930Z,buy,7.09e-05,20.0,0.001418
ICN/BTC,1535707424741,2018-08-31T09:23:44.741Z,buy,7.091e-05,67.0,0.00475097
ICN/BTC,1535707437356,2018-08-31T09:23:57.356Z,sell,7.093e-05,1430.0,0.1014299
ICN/BTC,1535707439265,2018-08-31T09:23:59.265Z,sell,7.093e-05,15.0,0.00106395
ICN/BTC,1535707441421,2018-08-31T09:24:01.421Z,sell,7.093e-05,22.0,0.00156046
ICN/BTC,1535707492765,2018-08-31T09:24:52.765Z,buy,7.098e-05,15.0,0.0010647
ICN/BTC,1535707494844,2018-08-31T09:24:54.844Z,sell,7.098e-05,10.0,0.0007098
ICN/BTC,1535707494844,2018-08-31T09:24:54.844Z,sell,7.096e-05,25.0,0.001774
ICN/BTC,1535707494844,2018-08-31T09:24:54.844Z,sell,7.094e-05,21.0,0.0014897399999999998
ICN/BTC,1535707536364,2018-08-31T09:25:36.364Z,buy,7.1e-05,560.0,0.039760000000000004
ICN/BTC,1535707536364,2018-08-31T09:25:36.364Z,buy,7.101e-05,200.0,0.014202
ICN/BTC,1535707536364,2018-08-31T09:25:36.364Z,buy,7.11e-05,364.0,0.025880399999999998
ICN/BTC,1535707538971,2018-08-31T09:25:38.971Z,buy,7.11e-05,93.0,0.0066123
ICN/BTC,1535707560240,2018-08-31T09:26:00.240Z,buy,7.11e-05,565.0,0.0401715
ICN/BTC,1535707572435,2018-08-31T09:26:12.435Z,buy,7.11e-05,1005.0,0.07145549999999999
ICN/BTC,1535707677203,2018-08-31T09:27:57.203Z,sell,7.09e-05,1.0,7.09e-05
ICN/BTC,1535707761670,2018-08-31T09:29:21.670Z,sell,7.09e-05,925.0,0.0655825
ICN/BTC,1535707765161,2018-08-31T09:29:25.161Z,sell,7.09e-05,9.0,0.0006381000000000001
ICN/BTC,1535707822250,2018-08-31T09:30:22.250Z,sell,7.09e-05,1.0,7.09e-05
ICN/BTC,1535707827656,2018-08-31T09:30:27.656Z,buy,7.11e-05,176.0,0.0125136
ICN/BTC,1535707829749,2018-08-31T09:30:29.749Z,buy,7.11e-05,176.0,0.0125136
ICN/BTC,1535707831877,2018-08-31T09:30:31.877Z,buy,7.11e-05,176.0,0.0125136
ICN/BTC,1535707834045,2018-08-31T09:30:34.045Z,buy,7.11e-05,176.0,0.0125136
ICN/BTC,1535707863125,2018-08-31T09:31:03.125Z,buy,7.091e-05,15.0,0.00106365
ICN/BTC,1535707863125,2018-08-31T09:31:03.125Z,buy,7.11e-05,196.0,0.0139356
ICN/BTC,1535707864736,2018-08-31T09:31:04.736Z,buy,7.11e-05,23.0,0.0016353
ICN/BTC,1535707865212,2018-08-31T09:31:05.212Z,buy,7.11e-05,211.0,0.015002099999999999
ICN/BTC,1535708036535,2018-08-31T09:33:56.535Z,sell,7.09e-05,58.0,0.0041122
ICN/BTC,1535708036535,2018-08-31T09:33:56.535Z,sell,7.089e-05,165.0,0.011696849999999998
ICN/BTC,1535708036535,2018-08-31T09:33:56.535Z,sell,7.019e-05,430.0,0.030181700000000002
ICN/BTC,1535708036535,2018-08-31T09:33:56.535Z,sell,7.018e-05,21.0,0.0014737799999999998
ICN/BTC,1535708036555,2018-08-31T09:33:56.555Z,buy,7.05e-05,573.0,0.0403965
ICN/BTC,1535708036556,2018-08-31T09:33:56.556Z,buy,7.05e-05,572.0,0.040326
ICN/BTC,1535708036571,2018-08-31T09:33:56.571Z,buy,7.05e-05,550.0,0.038775000000000004
ICN/BTC,1535708036588,2018-08-31T09:33:56.588Z,buy,7.056e-05,43.0,0.00303408
ICN/BTC,1535708039660,2018-08-31T09:33:59.660Z,sell,7.056e-05,264.0,0.01862784
ICN/BTC,1535708039660,2018-08-31T09:33:59.660Z,sell,7.05e-05,15.0,0.0010575
ICN/BTC,1535708039660,2018-08-31T09:33:59.660Z,sell,7.006e-05,170.0,0.011910200000000001
ICN/BTC,1535708039660,2018-08-31T09:33:59.660Z,sell,7.004e-05,24.0,0.00168096
ICN/BTC,1535708041166,2018-08-31T09:34:01.166Z,sell,7.004e-05,36.0,0.00252144
ICN/BTC,1535708041382,2018-08-31T09:34:01.382Z,sell,7.004e-05,220.0,0.0154088
ICN/BTC,1535708041537,2018-08-31T09:34:01.537Z,sell,7.004e-05,147.0,0.01029588
ICN/BTC,1535708041553,2018-08-31T09:34:01.553Z,sell,7.004e-05,147.0,0.01029588
ICN/BTC,1535708041637,2018-08-31T09:34:01.637Z,sell,7.005e-05,48.0,0.0033623999999999998
ICN/BTC,1535708041637,2018-08-31T09:34:01.637Z,sell,7.004e-05,100.0,0.007004
ICN/BTC,1535708041815,2018-08-31T09:34:01.815Z,sell,7.004e-05,28.0,0.0019611200000000002
ICN/BTC,1535708041815,2018-08-31T09:34:01.815Z,sell,7.001e-05,1.0,7.001e-05
ICN/BTC,1535708041986,2018-08-31T09:34:01.986Z,sell,7.001e-05,30.0,0.0021003000000000003
ICN/BTC,1535708041986,2018-08-31T09:34:01.986Z,sell,7e-05,117.0,0.00819
ICN/BTC,1535708042023,2018-08-31T09:34:02.023Z,sell,7e-05,147.0,0.010289999999999999
ICN/BTC,1535708042361,2018-08-31T09:34:02.361Z,sell,7.001e-05,148.0,0.010361480000000001
ICN/BTC,1535708042407,2018-08-31T09:34:02.407Z,sell,7.001e-05,13.0,0.00091013
ICN/BTC,1535708042407,2018-08-31T09:34:02.407Z,sell,7e-05,134.0,0.00938
ICN/BTC,1535708042540,2018-08-31T09:34:02.540Z,sell,7e-05,37.0,0.00259
ICN/BTC,1535708042540,2018-08-31T09:34:02.540Z,sell,6.994e-05,48.0,0.00335712
ICN/BTC,1535708042540,2018-08-31T09:34:02.540Z,sell,6.979e-05,63.0,0.0043967699999999995
ICN/BTC,1535708042760,2018-08-31T09:34:02.760Z,sell,6.979e-05,147.0,0.01025913
ICN/BTC,1535708042811,2018-08-31T09:34:02.811Z,sell,6.979e-05,147.0,0.01025913
ICN/BTC,1535708042949,2018-08-31T09:34:02.949Z,sell,6.979e-05,148.0,0.010328919999999998
ICN/BTC,1535708043153,2018-08-31T09:34:03.153Z,sell,6.979e-05,147.0,0.01025913
ICN/BTC,1535708043240,2018-08-31T09:34:03.240Z,sell,6.979e-05,147.0,0.01025913
ICN/BTC,1535708043370,2018-08-31T09:34:03.370Z,sell,6.979e-05,148.0,0.010328919999999998
ICN/BTC,1535708043392,2018-08-31T09:34:03.392Z,sell,6.979e-05,147.0,0.01025913
ICN/BTC,1535708043553,2018-08-31T09:34:03.553Z,sell,6.979e-05,146.0,0.01018934
ICN/BTC,1535708043652,2018-08-31T09:34:03.652Z,sell,6.979e-05,147.0,0.01025913
ICN/BTC,1535708043799,2018-08-31T09:34:03.799Z,sell,6.979e-05,147.0,0.01025913
ICN/BTC,1535708043963,2018-08-31T09:34:03.963Z,sell,6.979e-05,147.0,0.01025913
ICN/BTC,1535708044042,2018-08-31T09:34:04.042Z,sell,6.979e-05,145.0,0.01011955
ICN/BTC,1535708044072,2018-08-31T09:34:04.072Z,sell,6.979e-05,132.0,0.00921228
ICN/BTC,1535708044072,2018-08-31T09:34:04.072Z,sell,6.974e-05,15.0,0.0010461000000000001
ICN/BTC,1535708044350,2018-08-31T09:34:04.350Z,sell,6.959e-05,143.0,0.009951370000000001
ICN/BTC,1535708044350,2018-08-31T09:34:04.350Z,sell,6.958e-05,4.0,0.00027832
ICN/BTC,1535708044459,2018-08-31T09:34:04.459Z,sell,6.958e-05,81.0,0.00563598
ICN/BTC,1535708044459,2018-08-31T09:34:04.459Z,sell,6.956e-05,28.0,0.0019476800000000002
ICN/BTC,1535708044459,2018-08-31T09:34:04.459Z,sell,6.949e-05,37.0,0.00257113
ICN/BTC,1535708044459,2018-08-31T09:34:04.459Z,sell,6.949e-05,8.0,0.00055592
ICN/BTC,1535708044459,2018-08-31T09:34:04.459Z,sell,6.943e-05,579.0,0.04019997
ICN/BTC,1535708044498,2018-08-31T09:34:04.498Z,sell,6.943e-05,146.0,0.010136780000000001
ICN/BTC,1535708044745,2018-08-31T09:34:04.745Z,sell,6.968e-05,146.0,0.01017328
ICN/BTC,1535708045132,2018-08-31T09:34:05.132Z,buy,6.969e-05,82.0,0.00571458
ICN/BTC,1535708045132,2018-08-31T09:34:05.132Z,buy,6.97e-05,18.0,0.0012546
ICN/BTC,1535708045271,2018-08-31T09:34:05.271Z,buy,6.97e-05,571.0,0.0397987
ICN/BTC,1535708045280,2018-08-31T09:34:05.280Z,sell,6.98e-05,13.0,0.0009074
ICN/BTC,1535708045280,2018-08-31T09:34:05.280Z,sell,6.968e-05,69.0,0.004807919999999999
ICN/BTC,1535708045894,2018-08-31T09:34:05.894Z,sell,6.968e-05,144.0,0.01003392
ICN/BTC,1535708045894,2018-08-31T09:34:05.894Z,sell,6.957e-05,2.0,0.00013914
ICN/BTC,1535708050079,2018-08-31T09:34:10.079Z,sell,6.957e-05,230.0,0.0160011
ICN/BTC,1535708050554,2018-08-31T09:34:10.554Z,sell,6.957e-05,74.0,0.00514818
ICN/BTC,1535708051339,2018-08-31T09:34:11.339Z,sell,6.957e-05,71.0,0.00493947
ICN/BTC,1535708051478,2018-08-31T09:34:11.478Z,sell,6.957e-05,18.0,0.00125226
ICN/BTC,1535708051698,2018-08-31T09:34:11.698Z,sell,6.957e-05,15.0,0.00104355
ICN/BTC,1535708054836,2018-08-31T09:34:14.836Z,sell,6.957e-05,18.0,0.00125226
ICN/BTC,1535708072958,2018-08-31T09:34:32.958Z,buy,6.968e-05,48.0,0.00334464
ICN/BTC,1535708076202,2018-08-31T09:34:36.202Z,sell,6.957e-05,3.0,0.00020871
ICN/BTC,1535708076337,2018-08-31T09:34:36.337Z,buy,6.957e-05,75.0,0.00521775
ICN/BTC,1535708080999,2018-08-31T09:34:40.999Z,buy,6.949e-05,22.0,0.00152878
ICN/BTC,1535708081011,2018-08-31T09:34:41.011Z,buy,6.949e-05,78.0,0.00542022
ICN/BTC,1535708081017,2018-08-31T09:34:41.017Z,sell,6.949e-05,21.0,0.00145929
ICN/BTC,1535708081017,2018-08-31T09:34:41.017Z,sell,6.944e-05,3.0,0.00020832
ICN/BTC,1535708081072,2018-08-31T09:34:41.072Z,sell,6.944e-05,78.0,0.00541632
ICN/BTC,1535708081086,2018-08-31T09:34:41.086Z,sell,6.944e-05,106.0,0.00736064
ICN/BTC,1535708084226,2018-08-31T09:34:44.226Z,sell,6.944e-05,21.0,0.00145824
ICN/BTC,1535708084641,2018-08-31T09:34:44.641Z,sell,6.943e-05,153.0,0.01062279
ICN/BTC,1535708085280,2018-08-31T09:34:45.280Z,sell,6.943e-05,209.0,0.01451087
ICN/BTC,1535708085280,2018-08-31T09:34:45.280Z,sell,6.94e-05,20.0,0.0013880000000000001
ICN/BTC,1535708085280,2018-08-31T09:34:45.280Z,sell,6.933e-05,84.0,0.00582372
ICN/BTC,1535708085280,2018-08-31T09:34:45.280Z,sell,6.93e-05,20.0,0.001386
ICN/BTC,1535708085280,2018-08-31T09:34:45.280Z,sell,6.925e-05,882.0,0.0610785
ICN/BTC,1535708087772,2018-08-31T09:34:47.772Z,sell,6.925e-05,1483.0,0.10269775
ICN/BTC,1535708088207,2018-08-31T09:34:48.207Z,buy,6.925e-05,78.0,0.0054015
ICN/BTC,1535708088304,2018-08-31T09:34:48.304Z,buy,6.925e-05,100.0,0.006925000000000001
ICN/BTC,1535708089330,2018-08-31T09:34:49.330Z,sell,6.923e-05,136.0,0.00941528
ICN/BTC,1535708089333,2018-08-31T09:34:49.333Z,sell,6.923e-05,72.0,0.00498456
ICN/BTC,1535708100103,2018-08-31T09:35:00.103Z,buy,6.925e-05,209.0,0.01447325
ICN/BTC,1535708119888,2018-08-31T09:35:19.888Z,sell,6.923e-05,65.0,0.00449995
ICN/BTC,1535708150053,2018-08-31T09:35:50.053Z,buy,6.924e-05,28.0,0.00193872
ICN/BTC,1535708155092,2018-08-31T09:35:55.092Z,buy,6.925e-05,44.0,0.0030470000000000002
ICN/BTC,1535708155127,2018-08-31T09:35:55.127Z,buy,6.925e-05,21.0,0.00145425
ICN/BTC,1535708160183,2018-08-31T09:36:00.183Z,buy,6.925e-05,209.0,0.01447325
ICN/BTC,1535708160395,2018-08-31T09:36:00.395Z,buy,6.925e-05,308.0,0.021329
ICN/BTC,1535708221483,2018-08-31T09:37:01.483Z,buy,6.969e-05,210.0,0.014634900000000001
ICN/BTC,1535708245968,2018-08-31T09:37:25.968Z,buy,6.969e-05,9.0,0.00062721
ICN/BTC,1535708246714,2018-08-31T09:37:26.714Z,sell,6.969e-05,308.0,0.02146452
ICN/BTC,1535708252093,2018-08-31T09:37:32.093Z,sell,6.969e-05,148.0,0.010314120000000001
ICN/BTC,1535708252093,2018-08-31T09:37:32.093Z,sell,6.969e-05,148.0,0.010314120000000001
ICN/BTC,1535708366080,2018-08-31T09:39:26.080Z,sell,6.969e-05,28.0,0.00195132
ICN/BTC,1535708400697,2018-08-31T09:40:00.697Z,sell,6.93e-05,16.0,0.0011088
ICN/BTC,1535708497622,2018-08-31T09:41:37.622Z,sell,6.93e-05,1.0,6.93e-05
ICN/BTC,1535708651972,2018-08-31T09:44:11.972Z,sell,6.932e-05,85.0,0.005892199999999999
ICN/BTC,1535708895257,2018-08-31T09:48:15.257Z,sell,6.932e-05,6.0,0.00041591999999999996
ICN/BTC,1535708909073,2018-08-31T09:48:29.073Z,sell,6.932e-05,1.0,6.932e-05
ICN/BTC,1535708975185,2018-08-31T09:49:35.185Z,buy,6.969e-05,68.0,0.004738920000000001
ICN/BTC,1535709007588,2018-08-31T09:50:07.588Z,buy,6.969e-05,93.0,0.0064811700000000005
ICN/BTC,1535709008122,2018-08-31T09:50:08.122Z,sell,6.969e-05,99.0,0.0068993100000000005
ICN/BTC,1535709157654,2018-08-31T09:52:37.654Z,sell,6.933e-05,1.0,6.933e-05
ICN/BTC,1535709292417,2018-08-31T09:54:52.417Z,sell,6.933e-05,223.0,0.01546059
ICN/BTC,1535709292417,2018-08-31T09:54:52.417Z,sell,6.932e-05,69.0,0.0047830799999999995
ICN/BTC,1535709391493,2018-08-31T09:56:31.493Z,buy,6.97e-05,388.0,0.0270436
ICN/BTC,1535709391493,2018-08-31T09:56:31.493Z,buy,6.975e-05,64.0,0.004464
ICN/BTC,1535709416833,2018-08-31T09:56:56.833Z,buy,6.975e-05,100.0,0.006975
ICN/BTC,1535709421257,2018-08-31T09:57:01.257Z,sell,6.932e-05,15.0,0.0010398
ICN/BTC,1535709421257,2018-08-31T09:57:01.257Z,sell,6.93e-05,316.0,0.021898800000000003
ICN/BTC,1535709439808,2018-08-31T09:57:19.808Z,buy,6.974e-05,18.0,0.00125532
ICN/BTC,1535709439808,2018-08-31T09:57:19.808Z,buy,6.975e-05,50.0,0.0034875
ICN/BTC,1535709592155,2018-08-31T09:59:52.155Z,sell,6.931e-05,200.0,0.013862
ICN/BTC,1535709605078,2018-08-31T10:00:05.078Z,sell,6.97e-05,198.0,0.0138006
ICN/BTC,1535709700244,2018-08-31T10:01:40.244Z,sell,6.93e-05,226.0,0.0156618
ICN/BTC,1535709700244,2018-08-31T10:01:40.244Z,sell,6.925e-05,470.0,0.0325475
ICN/BTC,1535709782056,2018-08-31T10:03:02.056Z,sell,6.965e-05,17.0,0.00118405
ICN/BTC,1535709826181,2018-08-31T10:03:46.181Z,sell,6.945e-05,15.0,0.00104175
ICN/BTC,1535709826181,2018-08-31T10:03:46.181Z,sell,6.929e-05,50.0,0.0034644999999999997
ICN/BTC,1535709886778,2018-08-31T10:04:46.778Z,buy,6.97e-05,102.0,0.0071094
ICN/BTC,1535709896592,2018-08-31T10:04:56.592Z,sell,6.933e-05,195.0,0.013519350000000001
ICN/BTC,1535709896592,2018-08-31T10:04:56.592Z,sell,6.932e-05,665.0,0.046097799999999994
ICN/BTC,1535709904238,2018-08-31T10:05:04.238Z,sell,6.933e-05,1116.0,0.07737228
ICN/BTC,1535709904238,2018-08-31T10:05:04.238Z,sell,6.93e-05,581.0,0.0402633
ICN/BTC,1535709925602,2018-08-31T10:05:25.602Z,buy,6.969e-05,138.0,0.009617220000000001
ICN/BTC,1535709925606,2018-08-31T10:05:25.606Z,buy,6.969e-05,65.0,0.00452985
ICN/BTC,1535709925606,2018-08-31T10:05:25.606Z,buy,6.97e-05,138.0,0.0096186
ICN/BTC,1535709974892,2018-08-31T10:06:14.892Z,buy,6.97e-05,50.0,0.003485
ICN/BTC,1535709988959,2018-08-31T10:06:28.959Z,sell,6.931e-05,28.0,0.00194068
ICN/BTC,1535710057872,2018-08-31T10:07:37.872Z,buy,6.955e-05,27.0,0.00187785
ICN/BTC,1535710235835,2018-08-31T10:10:35.835Z,buy,6.969e-05,28.0,0.00195132
ICN/BTC,1535710236756,2018-08-31T10:10:36.756Z,sell,6.969e-05,25.0,0.00174225
ICN/BTC,1535710334606,2018-08-31T10:12:14.606Z,sell,6.963e-05,15.0,0.00104445
ICN/BTC,1535710363797,2018-08-31T10:12:43.797Z,sell,6.934e-05,244.0,0.01691896
ICN/BTC,1535710363797,2018-08-31T10:12:43.797Z,sell,6.93e-05,460.0,0.031878000000000004
ICN/BTC,1535710470125,2018-08-31T10:14:30.125Z,sell,6.93e-05,620.0,0.042966000000000004
ICN/BTC,1535710762515,2018-08-31T10:19:22.515Z,buy,6.97e-05,229.0,0.0159613
ICN/BTC,1535710762515,2018-08-31T10:19:22.515Z,buy,6.97e-05,229.0,0.0159613
ICN/BTC,1535711862802,2018-08-31T10:37:42.802Z,buy,6.969e-05,13.0,0.0009059700000000001
ICN/BTC,1535712144999,2018-08-31T10:42:24.999Z,sell,6.93e-05,25.0,0.0017325
ICN/BTC,1535712381049,2018-08-31T10:46:21.049Z,buy,6.93e-05,1.0,6.93e-05
ICN/BTC,1535712814342,2018-08-31T10:53:34.342Z,sell,6.926e-05,44.0,0.00304744
ICN/BTC,1535712814342,2018-08-31T10:53:34.342Z,sell,6.925e-05,15.0,0.00103875
ICN/BTC,1535712814342,2018-08-31T10:53:34.342Z,sell,6.924e-05,393.0,0.027211319999999997
ICN/BTC,1535712848834,2018-08-31T10:54:08.834Z,sell,6.924e-05,111.0,0.00768564
ICN/BTC,1535713206303,2018-08-31T11:00:06.303Z,buy,6.93e-05,52.0,0.0036036
ICN/BTC,1535713219610,2018-08-31T11:00:19.610Z,sell,6.924e-05,188.0,0.013017119999999998
ICN/BTC,1535713219610,2018-08-31T11:00:19.610Z,sell,6.923e-05,247.0,0.01709981
ICN/BTC,1535713219610,2018-08-31T11:00:19.610Z,sell,6.92e-05,20.0,0.001384
ICN/BTC,1535713219610,2018-08-31T11:00:19.610Z,sell,6.91e-05,269.0,0.0185879
ICN/BTC,1535713242273,2018-08-31T11:00:42.273Z,sell,6.91e-05,40.0,0.002764
ICN/BTC,1535713242273,2018-08-31T11:00:42.273Z,sell,6.907e-05,12.0,0.00082884
ICN/BTC,1535713339717,2018-08-31T11:02:19.717Z,buy,6.938e-05,23.0,0.00159574
ICN/BTC,1535713341579,2018-08-31T11:02:21.579Z,sell,6.905e-05,48.0,0.0033144
ICN/BTC,1535713341579,2018-08-31T11:02:21.579Z,sell,6.9e-05,20.0,0.00138
ICN/BTC,1535713341579,2018-08-31T11:02:21.579Z,sell,6.897e-05,235.0,0.01620795
ICN/BTC,1535713341579,2018-08-31T11:02:21.579Z,sell,6.89e-05,20.0,0.0013779999999999999
ICN/BTC,1535713341579,2018-08-31T11:02:21.579Z,sell,6.88e-05,20.0,0.001376
ICN/BTC,1535713341579,2018-08-31T11:02:21.579Z,sell,6.87e-05,10.0,0.000687
ICN/BTC,1535713355731,2018-08-31T11:02:35.731Z,buy,6.876e-05,15.0,0.0010314
ICN/BTC,1535713357103,2018-08-31T11:02:37.103Z,sell,6.87e-05,10.0,0.000687
ICN/BTC,1535713357733,2018-08-31T11:02:37.733Z,buy,6.869e-05,35.0,0.00240415
ICN/BTC,1535713396948,2018-08-31T11:03:16.948Z,buy,6.898e-05,28.0,0.0019314399999999998
ICN/BTC,1535713398956,2018-08-31T11:03:18.956Z,buy,6.898e-05,159.0,0.01096782
ICN/BTC,1535713401774,2018-08-31T11:03:21.774Z,buy,6.898e-05,89.0,0.006139219999999999
ICN/BTC,1535713427547,2018-08-31T11:03:47.547Z,buy,6.954e-05,14.0,0.00097356
ICN/BTC,1535713763042,2018-08-31T11:09:23.042Z,buy,6.953e-05,120.0,0.0083436
ICN/BTC,1535713763042,2018-08-31T11:09:23.042Z,buy,6.954e-05,80.0,0.0055632
ICN/BTC,1535714052539,2018-08-31T11:14:12.539Z,sell,6.912e-05,191.0,0.01320192
ICN/BTC,1535714214199,2018-08-31T11:16:54.199Z,sell,6.912e-05,43.0,0.00297216
ICN/BTC,1535714214199,2018-08-31T11:16:54.199Z,sell,6.912e-05,43.0,0.00297216
ICN/BTC,1535714707548,2018-08-31T11:25:07.548Z,sell,6.902e-05,307.0,0.02118914
ICN/BTC,1535714707548,2018-08-31T11:25:07.548Z,sell,6.901e-05,283.0,0.01952983
ICN/BTC,1535714707549,2018-08-31T11:25:07.549Z,sell,6.901e-05,161.0,0.011110610000000002
ICN/BTC,1535714707549,2018-08-31T11:25:07.549Z,sell,6.9e-05,211.0,0.014558999999999999
ICN/BTC,1535714707549,2018-08-31T11:25:07.549Z,sell,6.877e-05,17.0,0.0011690899999999998
ICN/BTC,1535714707549,2018-08-31T11:25:07.549Z,sell,6.862e-05,87.0,0.00596994
ICN/BTC,1535714707549,2018-08-31T11:25:07.549Z,sell,6.86e-05,20.0,0.001372
ICN/BTC,1535714707549,2018-08-31T11:25:07.549Z,sell,6.859e-05,46.0,0.0031551400000000003
ICN/BTC,1535714707549,2018-08-31T11:25:07.549Z,sell,6.855e-05,14.0,0.0009597
ICN/BTC,1535714707568,2018-08-31T11:25:07.568Z,sell,6.855e-05,131.0,0.00898005
ICN/BTC,1535714707568,2018-08-31T11:25:07.568Z,sell,6.853e-05,100.0,0.006853
ICN/BTC,1535714729080,2018-08-31T11:25:29.080Z,buy,6.909e-05,87.0,0.00601083
ICN/BTC,1535714729948,2018-08-31T11:25:29.948Z,sell,6.909e-05,50.0,0.0034545
ICN/BTC,1535714734014,2018-08-31T11:25:34.014Z,buy,6.93e-05,23.0,0.0015939
ICN/BTC,1535716081740,2018-08-31T11:48:01.740Z,buy,6.927e-05,147.0,0.010182690000000001
ICN/BTC,1535716081740,2018-08-31T11:48:01.740Z,buy,6.929e-05,2152.0,0.14911207999999998
ICN/BTC,1535716081740,2018-08-31T11:48:01.740Z,buy,6.93e-05,23.0,0.0015939
ICN/BTC,1535716081740,2018-08-31T11:48:01.740Z,buy,6.931e-05,233.0,0.01614923
ICN/BTC,1535716081740,2018-08-31T11:48:01.740Z,buy,6.954e-05,59.0,0.00410286
ICN/BTC,1535716081740,2018-08-31T11:48:01.740Z,buy,6.97e-05,99.0,0.0069003
ICN/BTC,1535716081740,2018-08-31T11:48:01.740Z,buy,6.975e-05,86.0,0.0059985
ICN/BTC,1535716081740,2018-08-31T11:48:01.740Z,buy,6.976e-05,170.0,0.011859199999999999
ICN/BTC,1535716081740,2018-08-31T11:48:01.740Z,buy,6.977e-05,491.0,0.03425707
ICN/BTC,1535716085509,2018-08-31T11:48:05.509Z,sell,6.923e-05,159.0,0.01100757
ICN/BTC,1535716087123,2018-08-31T11:48:07.123Z,sell,6.923e-05,89.0,0.00616147
ICN/BTC,1535716103509,2018-08-31T11:48:23.509Z,sell,6.923e-05,71.0,0.00491533
ICN/BTC,1535716119324,2018-08-31T11:48:39.324Z,sell,6.91e-05,7.0,0.0004837
ICN/BTC,1535716155136,2018-08-31T11:49:15.136Z,buy,6.962e-05,2.0,0.00013924
ICN/BTC,1535716160373,2018-08-31T11:49:20.373Z,sell,6.91e-05,3.0,0.0002073
ICN/BTC,1535716421951,2018-08-31T11:53:41.951Z,buy,6.962e-05,14.0,0.00097468
ICN/BTC,1535716526958,2018-08-31T11:55:26.958Z,sell,6.912e-05,36.0,0.00248832
ICN/BTC,1535716526958,2018-08-31T11:55:26.958Z,sell,6.911e-05,200.0,0.013822
ICN/BTC,1535716526958,2018-08-31T11:55:26.958Z,sell,6.909e-05,36.0,0.00248724
ICN/BTC,1535716526958,2018-08-31T11:55:26.958Z,sell,6.9e-05,211.0,0.014558999999999999
ICN/BTC,1535716526958,2018-08-31T11:55:26.958Z,sell,6.879e-05,174.0,0.01196946
ICN/BTC,1535716526958,2018-08-31T11:55:26.958Z,sell,6.878e-05,80.0,0.0055024
ICN/BTC,1535716562466,2018-08-31T11:56:02.466Z,sell,6.9e-05,212.0,0.014627999999999999
ICN/BTC,1535716562466,2018-08-31T11:56:02.466Z,sell,6.899e-05,320.0,0.0220768
ICN/BTC,1535716562466,2018-08-31T11:56:02.466Z,sell,6.878e-05,145.0,0.0099731
ICN/BTC,1535716562466,2018-08-31T11:56:02.466Z,sell,6.874e-05,46.0,0.0031620399999999996
ICN/BTC,1535716562466,2018-08-31T11:56:02.466Z,sell,6.856e-05,457.0,0.03133192
ICN/BTC,1535716562466,2018-08-31T11:56:02.466Z,sell,6.855e-05,179.0,0.01227045
ICN/BTC,1535716647778,2018-08-31T11:57:27.778Z,buy,6.924e-05,23.0,0.0015925199999999998
ICN/BTC,1535716930254,2018-08-31T12:02:10.254Z,buy,6.927e-05,14.0,0.0009697800000000001
ICN/BTC,1535717089367,2018-08-31T12:04:49.367Z,buy,6.927e-05,32.0,0.00221664
ICN/BTC,1535717224741,2018-08-31T12:07:04.741Z,sell,6.927e-05,3.0,0.00020781
ICN/BTC,1535717224741,2018-08-31T12:07:04.741Z,sell,6.924e-05,27.0,0.0018694799999999998
ICN/BTC,1535717333539,2018-08-31T12:08:53.539Z,sell,6.924e-05,38.0,0.00263112
ICN/BTC,1535717333554,2018-08-31T12:08:53.554Z,sell,6.924e-05,109.0,0.00754716
ICN/BTC,1535717333554,2018-08-31T12:08:53.554Z,sell,6.9e-05,36.0,0.002484
ICN/BTC,1535717713179,2018-08-31T12:15:13.179Z,sell,6.904e-05,81.0,0.00559224
ICN/BTC,1535717713179,2018-08-31T12:15:13.179Z,sell,6.9e-05,177.0,0.012213
ICN/BTC,1535717720508,2018-08-31T12:15:20.508Z,buy,6.9e-05,43.0,0.002967
ICN/BTC,1535717760529,2018-08-31T12:16:00.529Z,buy,6.898e-05,214.0,0.014761719999999999
ICN/BTC,1535717760529,2018-08-31T12:16:00.529Z,buy,6.898e-05,214.0,0.014761719999999999
ICN/BTC,1535718177479,2018-08-31T12:22:57.479Z,buy,6.897e-05,161.0,0.01110417
ICN/BTC,1535718177479,2018-08-31T12:22:57.479Z,buy,6.898e-05,39.0,0.0026902199999999997
ICN/BTC,1535718306014,2018-08-31T12:25:06.014Z,buy,6.897e-05,44.0,0.00303468
ICN/BTC,1535718536615,2018-08-31T12:28:56.615Z,sell,6.867e-05,312.0,0.021425040000000003
ICN/BTC,1535718536615,2018-08-31T12:28:56.615Z,sell,6.866e-05,299.0,0.02052934
ICN/BTC,1535718570388,2018-08-31T12:29:30.388Z,sell,6.868e-05,200.0,0.013736
ICN/BTC,1535718589540,2018-08-31T12:29:49.540Z,buy,6.893e-05,16.0,0.00110288
ICN/BTC,1535718602537,2018-08-31T12:30:02.537Z,sell,6.893e-05,46.0,0.00317078
ICN/BTC,1535718631613,2018-08-31T12:30:31.613Z,sell,6.893e-05,1.0,6.893e-05
ICN/BTC,1535718819474,2018-08-31T12:33:39.474Z,sell,6.87e-05,280.0,0.019236
ICN/BTC,1535718825999,2018-08-31T12:33:45.999Z,buy,6.87e-05,120.0,0.008244
ICN/BTC,1535718839264,2018-08-31T12:33:59.264Z,buy,6.892e-05,23.0,0.00158516
ICN/BTC,1535718927689,2018-08-31T12:35:27.689Z,buy,6.892e-05,66.0,0.00454872
ICN/BTC,1535718927689,2018-08-31T12:35:27.689Z,buy,6.9e-05,79.0,0.005451
ICN/BTC,1535719668807,2018-08-31T12:47:48.807Z,buy,6.899e-05,81.0,0.00558819
ICN/BTC,1535719668807,2018-08-31T12:47:48.807Z,buy,6.9e-05,24.0,0.001656
ICN/BTC,1535720852891,2018-08-31T13:07:32.891Z,buy,6.9e-05,150.0,0.01035
ICN/BTC,1535720852891,2018-08-31T13:07:32.891Z,buy,6.9e-05,150.0,0.01035
ICN/BTC,1535721478693,2018-08-31T13:17:58.693Z,buy,6.9e-05,23.0,0.0015869999999999999
ICN/BTC,1535722654837,2018-08-31T13:37:34.837Z,buy,6.899e-05,144.0,0.00993456
ICN/BTC,1535722713289,2018-08-31T13:38:33.289Z,sell,6.876e-05,55.0,0.0037818
ICN/BTC,1535722714074,2018-08-31T13:38:34.074Z,sell,6.876e-05,68.0,0.00467568
ICN/BTC,1535722741244,2018-08-31T13:39:01.244Z,sell,6.875e-05,214.0,0.014712500000000002
ICN/BTC,1535722756580,2018-08-31T13:39:16.580Z,buy,6.899e-05,81.0,0.00558819
ICN/BTC,1535722756580,2018-08-31T13:39:16.580Z,buy,6.9e-05,63.0,0.004347
ICN/BTC,1535722999698,2018-08-31T13:43:19.698Z,sell,6.854e-05,29.0,0.00198766
ICN/BTC,1535723183534,2018-08-31T13:46:23.534Z,buy,6.897e-05,72.0,0.00496584
ICN/BTC,1535723349339,2018-08-31T13:49:09.339Z,buy,6.897e-05,15.0,0.00103455
ICN/BTC,1535724157027,2018-08-31T14:02:37.027Z,buy,6.897e-05,144.0,0.00993168
ICN/BTC,1535724184924,2018-08-31T14:03:04.924Z,buy,6.897e-05,119.0,0.00820743
ICN/BTC,1535724184924,2018-08-31T14:03:04.924Z,buy,6.897e-05,119.0,0.00820743
ICN/BTC,1535724475510,2018-08-31T14:07:55.510Z,buy,6.891e-05,424.0,0.029217840000000002
ICN/BTC,1535724475510,2018-08-31T14:07:55.510Z,buy,6.892e-05,88.0,0.0060649599999999994
ICN/BTC,1535724611641,2018-08-31T14:10:11.641Z,sell,6.855e-05,356.0,0.0244038
ICN/BTC,1535724611641,2018-08-31T14:10:11.641Z,sell,6.854e-05,959.0,0.06572986
ICN/BTC,1535724611641,2018-08-31T14:10:11.641Z,sell,6.85e-05,654.0,0.044799
ICN/BTC,1535724611641,2018-08-31T14:10:11.641Z,sell,6.849e-05,708.0,0.04849092
ICN/BTC,1535724611641,2018-08-31T14:10:11.641Z,sell,6.849e-05,138.0,0.00945162
ICN/BTC,1535724648686,2018-08-31T14:10:48.686Z,buy,6.897e-05,23.0,0.00158631
ICN/BTC,1535724667789,2018-08-31T14:11:07.789Z,buy,6.897e-05,63.0,0.00434511
ICN/BTC,1535724667803,2018-08-31T14:11:07.803Z,sell,6.897e-05,154.0,0.01062138
ICN/BTC,1535724690571,2018-08-31T14:11:30.571Z,sell,6.851e-05,150.0,0.010276500000000001
ICN/BTC,1535724954208,2018-08-31T14:15:54.208Z,sell,6.872e-05,22.0,0.0015118400000000002
ICN/BTC,1535725042408,2018-08-31T14:17:22.408Z,sell,6.872e-05,116.0,0.007971520000000001
ICN/BTC,1535725081636,2018-08-31T14:18:01.636Z,buy,6.872e-05,7.0,0.00048104000000000007
ICN/BTC,1535725081636,2018-08-31T14:18:01.636Z,buy,6.882e-05,8.0,0.00055056
ICN/BTC,1535725085311,2018-08-31T14:18:05.311Z,buy,6.882e-05,23.0,0.00158286
ICN/BTC,1535726056679,2018-08-31T14:34:16.679Z,buy,6.882e-05,29.0,0.00199578
ICN/BTC,1535726787040,2018-08-31T14:46:27.040Z,buy,6.882e-05,238.0,0.01637916
ICN/BTC,1535726787040,2018-08-31T14:46:27.040Z,buy,6.894e-05,244.0,0.01682136
ICN/BTC,1535726787040,2018-08-31T14:46:27.040Z,buy,6.9e-05,22.0,0.0015179999999999998
ICN/BTC,1535726787040,2018-08-31T14:46:27.040Z,buy,6.953e-05,150.0,0.0104295
ICN/BTC,1535726787040,2018-08-31T14:46:27.040Z,buy,6.954e-05,49.0,0.00340746
ICN/BTC,1535726787040,2018-08-31T14:46:27.040Z,buy,6.976e-05,174.0,0.01213824
ICN/BTC,1535726787040,2018-08-31T14:46:27.040Z,buy,6.977e-05,152.0,0.010605040000000001
ICN/BTC,1535726787040,2018-08-31T14:46:27.040Z,buy,6.983e-05,166.0,0.01159178
ICN/BTC,1535726836762,2018-08-31T14:47:16.762Z,sell,6.88e-05,2.0,0.0001376
ICN/BTC,1535726912024,2018-08-31T14:48:32.024Z,buy,6.936e-05,148.0,0.01026528
ICN/BTC,1535726912024,2018-08-31T14:48:32.024Z,buy,6.949e-05,190.0,0.0132031
ICN/BTC,1535726919619,2018-08-31T14:48:39.619Z,buy,6.949e-05,23.0,0.00159827
ICN/BTC,1535727120662,2018-08-31T14:52:00.662Z,sell,6.901e-05,1.0,6.901e-05
ICN/BTC,1535727421468,2018-08-31T14:57:01.468Z,sell,6.902e-05,421.0,0.02905742
ICN/BTC,1535727453873,2018-08-31T14:57:33.873Z,sell,6.901e-05,73.0,0.005037730000000001
ICN/BTC,1535727489520,2018-08-31T14:58:09.520Z,sell,6.899e-05,148.0,0.01021052
ICN/BTC,1535727511158,2018-08-31T14:58:31.158Z,sell,6.884e-05,27.0,0.00185868
ICN/BTC,1535727511158,2018-08-31T14:58:31.158Z,sell,6.884e-05,27.0,0.00185868
ICN/BTC,1535728002625,2018-08-31T15:06:42.625Z,buy,6.917e-05,23.0,0.00159091
ICN/BTC,1535728060329,2018-08-31T15:07:40.329Z,sell,6.875e-05,28.0,0.001925
ICN/BTC,1535728390512,2018-08-31T15:13:10.512Z,sell,6.866e-05,1.0,6.866e-05
ICN/BTC,1535728401309,2018-08-31T15:13:21.309Z,buy,6.917e-05,1.0,6.917e-05
ICN/BTC,1535728746504,2018-08-31T15:19:06.504Z,sell,6.887e-05,144.0,0.009917279999999999
ICN/BTC,1535729002079,2018-08-31T15:23:22.079Z,sell,6.891e-05,18.0,0.0012403800000000001
ICN/BTC,1535729209109,2018-08-31T15:26:49.109Z,buy,6.917e-05,138.0,0.00954546
ICN/BTC,1535729209109,2018-08-31T15:26:49.109Z,buy,6.933e-05,2.0,0.00013866
ICN/BTC,1535729211014,2018-08-31T15:26:51.014Z,buy,6.932e-05,46.0,0.00318872
ICN/BTC,1535729215365,2018-08-31T15:26:55.365Z,buy,6.932e-05,23.0,0.00159436
ICN/BTC,1535729250766,2018-08-31T15:27:30.766Z,buy,6.932e-05,79.0,0.005476279999999999
ICN/BTC,1535729250777,2018-08-31T15:27:30.777Z,sell,6.932e-05,215.0,0.014903799999999998
ICN/BTC,1535729347230,2018-08-31T15:29:07.230Z,buy,6.933e-05,13.0,0.00090129
ICN/BTC,1535729347230,2018-08-31T15:29:07.230Z,buy,6.978e-05,55.0,0.0038379
ICN/BTC,1535729391662,2018-08-31T15:29:51.662Z,buy,6.952e-05,117.0,0.00813384
ICN/BTC,1535729441460,2018-08-31T15:30:41.460Z,buy,6.951e-05,118.0,0.00820218
ICN/BTC,1535729470992,2018-08-31T15:31:10.992Z,sell,6.914e-05,44.0,0.0030421600000000003
ICN/BTC,1535729472750,2018-08-31T15:31:12.750Z,sell,6.914e-05,119.0,0.008227660000000001
ICN/BTC,1535729474532,2018-08-31T15:31:14.532Z,sell,6.914e-05,50.0,0.0034570000000000004
ICN/BTC,1535729474744,2018-08-31T15:31:14.744Z,buy,6.914e-05,167.0,0.01154638
ICN/BTC,1535729487384,2018-08-31T15:31:27.384Z,sell,6.914e-05,144.0,0.00995616
ICN/BTC,1535729551191,2018-08-31T15:32:31.191Z,buy,6.95e-05,295.0,0.0205025
ICN/BTC,1535729557163,2018-08-31T15:32:37.163Z,buy,6.95e-05,15.0,0.0010425
ICN/BTC,1535729567073,2018-08-31T15:32:47.073Z,sell,6.916e-05,161.0,0.011134759999999999
ICN/BTC,1535729568322,2018-08-31T15:32:48.322Z,sell,6.914e-05,210.0,0.014519400000000002
ICN/BTC,1535729582066,2018-08-31T15:33:02.066Z,sell,6.913e-05,90.0,0.0062217
ICN/BTC,1535729582123,2018-08-31T15:33:02.123Z,sell,6.912e-05,148.0,0.010229760000000001
ICN/BTC,1535729586518,2018-08-31T15:33:06.518Z,buy,6.928e-05,18.0,0.00124704
ICN/BTC,1535729705260,2018-08-31T15:35:05.260Z,buy,6.928e-05,130.0,0.0090064
ICN/BTC,1535729705260,2018-08-31T15:35:05.260Z,buy,6.949e-05,22.0,0.00152878
ICN/BTC,1535729708081,2018-08-31T15:35:08.081Z,sell,6.928e-05,15.0,0.0010392
ICN/BTC,1535729710543,2018-08-31T15:35:10.543Z,buy,6.946e-05,23.0,0.0015975800000000001
ICN/BTC,1535729997330,2018-08-31T15:39:57.330Z,buy,6.949e-05,50.0,0.0034745
ICN/BTC,1535730038400,2018-08-31T15:40:38.400Z,sell,6.917e-05,148.0,0.01023716
ICN/BTC,1535730038400,2018-08-31T15:40:38.400Z,sell,6.867e-05,97.0,0.00666099
ICN/BTC,1535730038400,2018-08-31T15:40:38.400Z,sell,6.863e-05,15.0,0.00102945
ICN/BTC,1535730038400,2018-08-31T15:40:38.400Z,sell,6.86e-05,425.0,0.029155
ICN/BTC,1535730038400,2018-08-31T15:40:38.400Z,sell,6.857e-05,46.0,0.00315422
ICN/BTC,1535730038400,2018-08-31T15:40:38.400Z,sell,6.841e-05,50.0,0.0034205000000000004
ICN/BTC,1535730194881,2018-08-31T15:43:14.881Z,buy,6.935e-05,44.0,0.0030514
ICN/BTC,1535730201332,2018-08-31T15:43:21.332Z,buy,6.935e-05,23.0,0.0015950500000000002
ICN/BTC,1535730206127,2018-08-31T15:43:26.127Z,sell,6.894e-05,20.0,0.0013788
ICN/BTC,1535730212409,2018-08-31T15:43:32.409Z,sell,6.894e-05,57.0,0.00392958
ICN/BTC,1535730216089,2018-08-31T15:43:36.089Z,buy,6.935e-05,127.0,0.008807450000000001
ICN/BTC,1535730216202,2018-08-31T15:43:36.202Z,sell,6.941e-05,449.0,0.03116509
ICN/BTC,1535730216695,2018-08-31T15:43:36.695Z,buy,6.948e-05,21.0,0.0014590800000000002
ICN/BTC,1535730216981,2018-08-31T15:43:36.981Z,buy,6.948e-05,142.0,0.00986616
ICN/BTC,1535730216981,2018-08-31T15:43:36.981Z,buy,6.949e-05,116.0,0.00806084
ICN/BTC,1535730216981,2018-08-31T15:43:36.981Z,buy,6.95e-05,95.0,0.0066025
ICN/BTC,1535730216981,2018-08-31T15:43:36.981Z,buy,6.953e-05,96.0,0.006674879999999999
ICN/BTC,1535730216981,2018-08-31T15:43:36.981Z,buy,6.954e-05,271.0,0.018845340000000002
ICN/BTC,1535730245816,2018-08-31T15:44:05.816Z,buy,6.945e-05,148.0,0.010278599999999999
ICN/BTC,1535730245871,2018-08-31T15:44:05.871Z,sell,6.945e-05,367.0,0.025488149999999998
ICN/BTC,1535730266160,2018-08-31T15:44:26.160Z,buy,6.953e-05,73.0,0.00507569
ICN/BTC,1535730268977,2018-08-31T15:44:28.977Z,buy,6.953e-05,14.0,0.0009734199999999999
ICN/BTC,1535730277529,2018-08-31T15:44:37.529Z,sell,6.903e-05,15.0,0.0010354499999999998
ICN/BTC,1535730331012,2018-08-31T15:45:31.012Z,buy,6.953e-05,36.0,0.0025030799999999995
ICN/BTC,1535730349710,2018-08-31T15:45:49.710Z,buy,6.953e-05,81.0,0.005631929999999999
ICN/BTC,1535730349710,2018-08-31T15:45:49.710Z,buy,6.954e-05,63.0,0.00438102
ICN/BTC,1535730538168,2018-08-31T15:48:58.168Z,buy,6.955e-05,16.0,0.0011128
ICN/BTC,1535730816598,2018-08-31T15:53:36.598Z,sell,6.955e-05,203.0,0.01411865
ICN/BTC,1535730896207,2018-08-31T15:54:56.207Z,sell,6.915e-05,77.0,0.00532455
ICN/BTC,1535731030704,2018-08-31T15:57:10.704Z,sell,6.915e-05,55.0,0.00380325
ICN/BTC,1535731030704,2018-08-31T15:57:10.704Z,sell,6.915e-05,55.0,0.00380325
ICN/BTC,1535731242696,2018-08-31T16:00:42.696Z,sell,6.915e-05,11.0,0.00076065
ICN/BTC,1535731270974,2018-08-31T16:01:10.974Z,buy,6.957e-05,57.0,0.00396549
ICN/BTC,1535731270974,2018-08-31T16:01:10.974Z,buy,6.965e-05,299.0,0.02082535
ICN/BTC,1535731270974,2018-08-31T16:01:10.974Z,buy,6.967e-05,30.0,0.0020901
ICN/BTC,1535731270974,2018-08-31T16:01:10.974Z,buy,6.979e-05,328.0,0.022891119999999997
ICN/BTC,1535731307475,2018-08-31T16:01:47.475Z,sell,6.927e-05,11.0,0.00076197
ICN/BTC,1535731312957,2018-08-31T16:01:52.957Z,sell,6.927e-05,189.0,0.013092030000000001
ICN/BTC,1535731312957,2018-08-31T16:01:52.957Z,sell,6.916e-05,1.0,6.916e-05
ICN/BTC,1535731367135,2018-08-31T16:02:47.135Z,buy,6.968e-05,19.0,0.00132392
ICN/BTC,1535731404567,2018-08-31T16:03:24.567Z,sell,6.916e-05,35.0,0.0024205999999999997
ICN/BTC,1535731417438,2018-08-31T16:03:37.438Z,sell,6.915e-05,210.0,0.0145215
ICN/BTC,1535731462036,2018-08-31T16:04:22.036Z,sell,6.915e-05,145.0,0.01002675
ICN/BTC,1535731934789,2018-08-31T16:12:14.789Z,sell,6.915e-05,1.0,6.915e-05
ICN/BTC,1535731939461,2018-08-31T16:12:19.461Z,buy,6.965e-05,1.0,6.965e-05
ICN/BTC,1535732010346,2018-08-31T16:13:30.346Z,buy,6.965e-05,30.0,0.0020894999999999998
ICN/BTC,1535732010535,2018-08-31T16:13:30.535Z,buy,6.965e-05,4.0,0.0002786
ICN/BTC,1535732010576,2018-08-31T16:13:30.576Z,sell,6.965e-05,38.0,0.0026467
ICN/BTC,1535732011000,2018-08-31T16:13:31.000Z,sell,6.965e-05,108.0,0.0075222
ICN/BTC,1535732072574,2018-08-31T16:14:32.574Z,buy,6.968e-05,124.0,0.00864032
ICN/BTC,1535732072574,2018-08-31T16:14:32.574Z,buy,6.978e-05,130.0,0.0090714
ICN/BTC,1535732072574,2018-08-31T16:14:32.574Z,buy,6.98e-05,36.0,0.0025128
ICN/BTC,1535732072574,2018-08-31T16:14:32.574Z,buy,6.983e-05,834.0,0.05823822
ICN/BTC,1535732072574,2018-08-31T16:14:32.574Z,buy,6.985e-05,347.0,0.02423795
ICN/BTC,1535732226474,2018-08-31T16:17:06.474Z,buy,6.982e-05,15.0,0.0010473000000000001
ICN/BTC,1535732337605,2018-08-31T16:18:57.605Z,buy,6.982e-05,17.0,0.00118694
ICN/BTC,1535733056722,2018-08-31T16:30:56.722Z,sell,6.921e-05,177.0,0.01225017
ICN/BTC,1535733064130,2018-08-31T16:31:04.130Z,sell,6.92e-05,133.0,0.009203600000000001
ICN/BTC,1535733070383,2018-08-31T16:31:10.383Z,buy,6.982e-05,2.0,0.00013964
ICN/BTC,1535733216596,2018-08-31T16:33:36.596Z,buy,6.975e-05,29.0,0.0020227500000000002
ICN/BTC,1535733278533,2018-08-31T16:34:38.533Z,buy,6.974e-05,16.0,0.00111584
ICN/BTC,1535733639290,2018-08-31T16:40:39.290Z,sell,6.974e-05,176.0,0.01227424
ICN/BTC,1535733681875,2018-08-31T16:41:21.875Z,sell,6.974e-05,234.0,0.016319160000000003
ICN/BTC,1535733968087,2018-08-31T16:46:08.087Z,sell,6.943e-05,1.0,6.943e-05
ICN/BTC,1535734104101,2018-08-31T16:48:24.101Z,sell,6.943e-05,144.0,0.00999792
ICN/BTC,1535734208052,2018-08-31T16:50:08.052Z,sell,6.943e-05,55.0,0.0038186500000000003
ICN/BTC,1535734208052,2018-08-31T16:50:08.052Z,sell,6.919e-05,15.0,0.00103785
ICN/BTC,1535734208052,2018-08-31T16:50:08.052Z,sell,6.915e-05,1.0,6.915e-05
ICN/BTC,1535734208052,2018-08-31T16:50:08.052Z,sell,6.91e-05,29.0,0.0020039
ICN/BTC,1535734208052,2018-08-31T16:50:08.052Z,sell,6.895e-05,46.0,0.0031717
ICN/BTC,1535734208052,2018-08-31T16:50:08.052Z,sell,6.849e-05,15.0,0.00102735
ICN/BTC,1535734208052,2018-08-31T16:50:08.052Z,sell,6.841e-05,449.0,0.03071609
ICN/BTC,1535734208052,2018-08-31T16:50:08.052Z,sell,6.84e-05,126.0,0.0086184
ICN/BTC,1535734269596,2018-08-31T16:51:09.596Z,sell,6.917e-05,19.0,0.00131423
ICN/BTC,1535734313622,2018-08-31T16:51:53.622Z,sell,6.917e-05,141.0,0.00975297
ICN/BTC,1535734316629,2018-08-31T16:51:56.629Z,sell,6.917e-05,117.0,0.00809289
ICN/BTC,1535734316629,2018-08-31T16:51:56.629Z,sell,6.876e-05,24.0,0.0016502399999999999
ICN/BTC,1535734504019,2018-08-31T16:55:04.019Z,buy,6.94e-05,1.0,6.94e-05
ICN/BTC,1535734504019,2018-08-31T16:55:04.019Z,buy,6.94e-05,1.0,6.94e-05
ICN/BTC,1535734901018,2018-08-31T17:01:41.018Z,buy,6.94e-05,419.0,0.029078600000000003
ICN/BTC,1535734901018,2018-08-31T17:01:41.018Z,buy,6.959e-05,46.0,0.0032011400000000003
ICN/BTC,1535734901018,2018-08-31T17:01:41.018Z,buy,6.974e-05,336.0,0.02343264
ICN/BTC,1535734901018,2018-08-31T17:01:41.018Z,buy,6.975e-05,441.0,0.03075975
ICN/BTC,1535734901018,2018-08-31T17:01:41.018Z,buy,6.981e-05,120.0,0.0083772
ICN/BTC,1535734901018,2018-08-31T17:01:41.018Z,buy,6.982e-05,138.0,0.00963516
ICN/BTC,1535734920929,2018-08-31T17:02:00.929Z,buy,6.95e-05,3.0,0.00020849999999999997
ICN/BTC,1535734989569,2018-08-31T17:03:09.569Z,sell,6.91e-05,31.0,0.0021421
ICN/BTC,1535735003535,2018-08-31T17:03:23.535Z,sell,6.91e-05,135.0,0.0093285
ICN/BTC,1535735003696,2018-08-31T17:03:23.696Z,buy,6.91e-05,102.0,0.0070482
ICN/BTC,1535735791137,2018-08-31T17:16:31.137Z,buy,6.949e-05,20.0,0.0013898
ICN/BTC,1535735802229,2018-08-31T17:16:42.229Z,buy,6.949e-05,17.0,0.00118133
ICN/BTC,1535735914068,2018-08-31T17:18:34.068Z,buy,6.949e-05,130.0,0.0090337
ICN/BTC,1535735914068,2018-08-31T17:18:34.068Z,buy,6.95e-05,13.0,0.0009034999999999999
ICN/BTC,1535736239325,2018-08-31T17:23:59.325Z,sell,6.925e-05,30.0,0.0020775
ICN/BTC,1535736239325,2018-08-31T17:23:59.325Z,sell,6.909e-05,151.0,0.01043259
ICN/BTC,1535736524089,2018-08-31T17:28:44.089Z,buy,6.95e-05,1.0,6.95e-05
ICN/BTC,1535736697394,2018-08-31T17:31:37.394Z,sell,6.913e-05,424.0,0.02931112
ICN/BTC,1535736697394,2018-08-31T17:31:37.394Z,sell,6.912e-05,173.0,0.01195776
ICN/BTC,1535736697394,2018-08-31T17:31:37.394Z,sell,6.911e-05,206.0,0.014236659999999998
ICN/BTC,1535736850004,2018-08-31T17:34:10.004Z,sell,6.909e-05,94.0,0.0064944600000000005
ICN/BTC,1535737263857,2018-08-31T17:41:03.857Z,sell,6.911e-05,261.0,0.01803771
ICN/BTC,1535737299256,2018-08-31T17:41:39.256Z,sell,6.909e-05,72.0,0.00497448
ICN/BTC,1535737299256,2018-08-31T17:41:39.256Z,sell,6.883e-05,113.0,0.007777790000000001
ICN/BTC,1535737625881,2018-08-31T17:47:05.881Z,sell,6.896e-05,278.0,0.01917088
ICN/BTC,1535737626176,2018-08-31T17:47:06.176Z,buy,6.896e-05,116.0,0.00799936
ICN/BTC,1535737639584,2018-08-31T17:47:19.584Z,buy,6.896e-05,5.0,0.00034480000000000003
ICN/BTC,1535737698025,2018-08-31T17:48:18.025Z,buy,6.896e-05,15.0,0.0010344
ICN/BTC,1535737772949,2018-08-31T17:49:32.949Z,buy,6.911e-05,208.0,0.01437488
ICN/BTC,1535737829738,2018-08-31T17:50:29.738Z,sell,6.911e-05,81.0,0.005597909999999999
ICN/BTC,1535737829738,2018-08-31T17:50:29.738Z,sell,6.887e-05,486.0,0.03347082
ICN/BTC,1535738061715,2018-08-31T17:54:21.715Z,buy,6.93e-05,1.0,6.93e-05
ICN/BTC,1535738061715,2018-08-31T17:54:21.715Z,buy,6.93e-05,1.0,6.93e-05
ICN/BTC,1535738371011,2018-08-31T17:59:31.011Z,sell,6.86e-05,15.0,0.001029
ICN/BTC,1535738371011,2018-08-31T17:59:31.011Z,sell,6.859e-05,196.0,0.013443640000000001
ICN/BTC,1535738371011,2018-08-31T17:59:31.011Z,sell,6.856e-05,320.0,0.0219392
ICN/BTC,1535738371011,2018-08-31T17:59:31.011Z,sell,6.855e-05,322.0,0.0220731
ICN/BTC,1535738403798,2018-08-31T18:00:03.798Z,sell,6.857e-05,15.0,0.00102855
ICN/BTC,1535738421110,2018-08-31T18:00:21.110Z,buy,6.91e-05,4.0,0.0002764
ICN/BTC,1535738653142,2018-08-31T18:04:13.142Z,buy,6.909e-05,1.0,6.909e-05
ICN/BTC,1535738828373,2018-08-31T18:07:08.373Z,buy,6.909e-05,1.0,6.909e-05
ICN/BTC,1535739101640,2018-08-31T18:11:41.640Z,buy,6.909e-05,20.0,0.0013818
ICN/BTC,1535739101640,2018-08-31T18:11:41.640Z,buy,6.91e-05,124.0,0.0085684
ICN/BTC,1535739674561,2018-08-31T18:21:14.561Z,buy,6.908e-05,20.0,0.0013816
ICN/BTC,1535740072944,2018-08-31T18:27:52.944Z,buy,6.908e-05,28.0,0.0019342399999999998
ICN/BTC,1535740367437,2018-08-31T18:32:47.437Z,sell,6.864e-05,43.0,0.0029515199999999996
ICN/BTC,1535740370955,2018-08-31T18:32:50.955Z,buy,6.907e-05,1.0,6.907e-05
ICN/BTC,1535740423964,2018-08-31T18:33:43.964Z,sell,6.864e-05,27.0,0.00185328
ICN/BTC,1535740914701,2018-08-31T18:41:54.701Z,sell,6.864e-05,482.0,0.03308448
ICN/BTC,1535741025998,2018-08-31T18:43:45.998Z,buy,6.864e-05,1.0,6.864e-05
ICN/BTC,1535741232034,2018-08-31T18:47:12.034Z,buy,6.864e-05,2.0,0.00013728
ICN/BTC,1535741312731,2018-08-31T18:48:32.731Z,sell,6.857e-05,20.0,0.0013714
ICN/BTC,1535741312731,2018-08-31T18:48:32.731Z,sell,6.84e-05,30.0,0.002052
ICN/BTC,1535741312731,2018-08-31T18:48:32.731Z,sell,6.839e-05,188.0,0.01285732
ICN/BTC,1535741312731,2018-08-31T18:48:32.731Z,sell,6.835e-05,106.0,0.007245099999999999
ICN/BTC,1535741474446,2018-08-31T18:51:14.446Z,buy,6.864e-05,1.0,6.864e-05
ICN/BTC,1535741579830,2018-08-31T18:52:59.830Z,buy,6.864e-05,1.0,6.864e-05
ICN/BTC,1535741579830,2018-08-31T18:52:59.830Z,buy,6.864e-05,1.0,6.864e-05
ICN/BTC,1535741710842,2018-08-31T18:55:10.842Z,sell,6.838e-05,39.0,0.0026668200000000003
ICN/BTC,1535741710842,2018-08-31T18:55:10.842Z,sell,6.835e-05,488.0,0.0333548
ICN/BTC,1535741735110,2018-08-31T18:55:35.110Z,sell,6.835e-05,16.0,0.0010936
ICN/BTC,1535741985766,2018-08-31T18:59:45.766Z,sell,6.839e-05,28.0,0.00191492
ICN/BTC,1535741985766,2018-08-31T18:59:45.766Z,sell,6.835e-05,263.0,0.017976049999999997
ICN/BTC,1535741986090,2018-08-31T18:59:46.090Z,buy,6.835e-05,30.0,0.0020505
ICN/BTC,1535741986858,2018-08-31T18:59:46.858Z,buy,6.835e-05,373.0,0.025494549999999998
ICN/BTC,1535742012677,2018-08-31T19:00:12.677Z,sell,6.835e-05,93.0,0.00635655
ICN/BTC,1535742014855,2018-08-31T19:00:14.855Z,sell,6.835e-05,20.0,0.001367
ICN/BTC,1535742053740,2018-08-31T19:00:53.740Z,sell,6.835e-05,102.0,0.006971699999999999
ICN/BTC,1535742181121,2018-08-31T19:03:01.121Z,sell,6.835e-05,24.0,0.0016403999999999998
ICN/BTC,1535742181802,2018-08-31T19:03:01.802Z,buy,6.835e-05,444.0,0.030347399999999997
ICN/BTC,1535742308817,2018-08-31T19:05:08.817Z,buy,6.835e-05,55.0,0.0037592499999999996
ICN/BTC,1535742346162,2018-08-31T19:05:46.162Z,sell,6.83e-05,20.0,0.001366
ICN/BTC,1535742346162,2018-08-31T19:05:46.162Z,sell,6.824e-05,38.0,0.00259312
ICN/BTC,1535742660879,2018-08-31T19:11:00.879Z,buy,6.863e-05,92.0,0.0063139599999999995
ICN/BTC,1535742664016,2018-08-31T19:11:04.016Z,buy,6.863e-05,34.0,0.00233342
ICN/BTC,1535742665626,2018-08-31T19:11:05.626Z,buy,6.863e-05,48.0,0.00329424
ICN/BTC,1535742674863,2018-08-31T19:11:14.863Z,buy,6.89e-05,37.0,0.0025493
ICN/BTC,1535742675924,2018-08-31T19:11:15.924Z,sell,6.89e-05,25.0,0.0017224999999999999
ICN/BTC,1535742705344,2018-08-31T19:11:45.344Z,sell,6.89e-05,19.0,0.0013090999999999999
ICN/BTC,1535742705430,2018-08-31T19:11:45.430Z,sell,6.89e-05,53.0,0.0036517
ICN/BTC,1535742730970,2018-08-31T19:12:10.970Z,sell,6.878e-05,108.0,0.00742824
ICN/BTC,1535742768457,2018-08-31T19:12:48.457Z,buy,6.875e-05,174.0,0.011962500000000001
ICN/BTC,1535742786809,2018-08-31T19:13:06.809Z,sell,6.875e-05,44.0,0.0030250000000000003
ICN/BTC,1535742786809,2018-08-31T19:13:06.809Z,sell,6.869e-05,171.0,0.01174599
ICN/BTC,1535742788331,2018-08-31T19:13:08.331Z,sell,6.869e-05,3.0,0.00020606999999999998
ICN/BTC,1535742788331,2018-08-31T19:13:08.331Z,sell,6.824e-05,18.0,0.00122832
ICN/BTC,1535742846264,2018-08-31T19:14:06.264Z,sell,6.827e-05,30.0,0.0020480999999999997
ICN/BTC,1535742954338,2018-08-31T19:15:54.338Z,sell,6.859e-05,1.0,6.859e-05
ICN/BTC,1535742958818,2018-08-31T19:15:58.818Z,buy,6.884e-05,30.0,0.0020652
ICN/BTC,1535742959042,2018-08-31T19:15:59.042Z,sell,6.884e-05,32.0,0.00220288
ICN/BTC,1535742959074,2018-08-31T19:15:59.074Z,sell,6.859e-05,19.0,0.0013032100000000002
ICN/BTC,1535743547661,2018-08-31T19:25:47.661Z,sell,6.859e-05,54.0,0.0037038600000000002
ICN/BTC,1535743611809,2018-08-31T19:26:51.809Z,buy,6.859e-05,53.0,0.0036352700000000003
ICN/BTC,1535743611809,2018-08-31T19:26:51.809Z,buy,6.861e-05,153.0,0.01049733
ICN/BTC,1535743611809,2018-08-31T19:26:51.809Z,buy,6.863e-05,15.0,0.00102945
ICN/BTC,1535743611809,2018-08-31T19:26:51.809Z,buy,6.863e-05,159.0,0.01091217
ICN/BTC,1535743611809,2018-08-31T19:26:51.809Z,buy,6.887e-05,9.0,0.0006198299999999999
ICN/BTC,1535743611814,2018-08-31T19:26:51.814Z,buy,6.887e-05,45.0,0.0030991499999999997
ICN/BTC,1535743612858,2018-08-31T19:26:52.858Z,buy,6.887e-05,59.0,0.0040633299999999995
ICN/BTC,1535743612858,2018-08-31T19:26:52.858Z,buy,6.905e-05,16.0,0.0011048
ICN/BTC,1535743680214,2018-08-31T19:28:00.214Z,sell,6.862e-05,53.0,0.00363686
ICN/BTC,1535743760375,2018-08-31T19:29:20.375Z,sell,6.862e-05,37.0,0.00253894
ICN/BTC,1535743771893,2018-08-31T19:29:31.893Z,sell,6.862e-05,80.0,0.005489600000000001
