symbol,timestamp,datetime,side,price,amount,btc_volume
OAX/BTC,1533485003005,2018-08-05T16:03:23.005Z,sell,3.364e-05,109.0,0.0036667600000000002
OAX/BTC,1533485003200,2018-08-05T16:03:23.200Z,buy,3.361e-05,1029.0,0.03458469
OAX/BTC,1533485566324,2018-08-05T16:12:46.324Z,buy,3.362e-05,99.0,0.00332838
OAX/BTC,1533485691340,2018-08-05T16:14:51.340Z,buy,3.362e-05,99.0,0.00332838
OAX/BTC,1533486671999,2018-08-05T16:31:11.999Z,sell,3.362e-05,789.0,0.02652618
OAX/BTC,1533486708688,2018-08-05T16:31:48.688Z,buy,3.366e-05,42.0,0.00141372
OAX/BTC,1533486831606,2018-08-05T16:33:51.606Z,buy,3.366e-05,329.0,0.01107414
OAX/BTC,1533486831606,2018-08-05T16:33:51.606Z,buy,3.369e-05,405.0,0.013644449999999999
OAX/BTC,1533486848093,2018-08-05T16:34:08.093Z,buy,3.379e-05,750.0,0.0253425
OAX/BTC,1533487509867,2018-08-05T16:45:09.867Z,sell,3.357e-05,29.0,0.00097353
OAX/BTC,1533487613523,2018-08-05T16:46:53.523Z,buy,3.362e-05,255.0,0.0085731
OAX/BTC,1533487613523,2018-08-05T16:46:53.523Z,buy,3.362e-05,255.0,0.0085731
OAX/BTC,1533488462997,2018-08-05T17:01:02.997Z,sell,3.352e-05,111.0,0.00372072
OAX/BTC,1533488768087,2018-08-05T17:06:08.087Z,buy,3.364e-05,85.0,0.0028594000000000002
OAX/BTC,1533490035901,2018-08-05T17:27:15.901Z,sell,3.356e-05,70.0,0.0023491999999999996
OAX/BTC,1533490035901,2018-08-05T17:27:15.901Z,sell,3.355e-05,177.0,0.00593835
OAX/BTC,1533490358414,2018-08-05T17:32:38.414Z,sell,3.355e-05,469.0,0.01573495
OAX/BTC,1533490358414,2018-08-05T17:32:38.414Z,sell,3.352e-05,644.0,0.02158688
OAX/BTC,1533490675545,2018-08-05T17:37:55.545Z,sell,3.352e-05,3051.0,0.10226951999999999
OAX/BTC,1533490677809,2018-08-05T17:37:57.809Z,buy,3.369e-05,229.0,0.00771501
OAX/BTC,1533490698533,2018-08-05T17:38:18.533Z,buy,3.369e-05,1.0,3.369e-05
OAX/BTC,1533490700850,2018-08-05T17:38:20.850Z,sell,3.349e-05,647.0,0.02166803
OAX/BTC,1533490700850,2018-08-05T17:38:20.850Z,sell,3.342e-05,1193.0,0.03987006
OAX/BTC,1533490700887,2018-08-05T17:38:20.887Z,buy,3.342e-05,39.0,0.00130338
OAX/BTC,1533490700914,2018-08-05T17:38:20.914Z,buy,3.342e-05,259.0,0.00865578
OAX/BTC,1533490701171,2018-08-05T17:38:21.171Z,buy,3.342e-05,129.0,0.00431118
OAX/BTC,1533490703114,2018-08-05T17:38:23.114Z,sell,3.35e-05,129.0,0.0043215
OAX/BTC,1533490705145,2018-08-05T17:38:25.145Z,sell,3.35e-05,84.0,0.002814
OAX/BTC,1533490707461,2018-08-05T17:38:27.461Z,sell,3.352e-05,174.0,0.005832479999999999
OAX/BTC,1533490709838,2018-08-05T17:38:29.838Z,buy,3.371e-05,1.0,3.371e-05
OAX/BTC,1533490709908,2018-08-05T17:38:29.908Z,sell,3.352e-05,108.0,0.00362016
OAX/BTC,1533490711083,2018-08-05T17:38:31.083Z,sell,3.352e-05,108.0,0.00362016
OAX/BTC,1533490755466,2018-08-05T17:39:15.466Z,sell,3.352e-05,69.0,0.00231288
OAX/BTC,1533490788170,2018-08-05T17:39:48.170Z,sell,3.352e-05,324.0,0.010860479999999999
OAX/BTC,1533490837880,2018-08-05T17:40:37.880Z,buy,3.328e-05,68.0,0.00226304
OAX/BTC,1533490838103,2018-08-05T17:40:38.103Z,buy,3.329e-05,68.0,0.0022637200000000003
OAX/BTC,1533490839402,2018-08-05T17:40:39.402Z,buy,3.337e-05,36.0,0.00120132
OAX/BTC,1533490850986,2018-08-05T17:40:50.986Z,sell,3.325e-05,85.0,0.00282625
OAX/BTC,1533490978180,2018-08-05T17:42:58.180Z,buy,3.342e-05,36.0,0.00120312
OAX/BTC,1533490978180,2018-08-05T17:42:58.180Z,buy,3.342e-05,36.0,0.00120312
OAX/BTC,1533491231836,2018-08-05T17:47:11.836Z,buy,3.342e-05,613.0,0.02048646
OAX/BTC,1533491270429,2018-08-05T17:47:50.429Z,buy,3.352e-05,1.0,3.352e-05
OAX/BTC,1533491282243,2018-08-05T17:48:02.243Z,buy,3.364e-05,85.0,0.0028594000000000002
OAX/BTC,1533491282243,2018-08-05T17:48:02.243Z,buy,3.372e-05,213.0,0.0071823600000000005
OAX/BTC,1533491282243,2018-08-05T17:48:02.243Z,buy,3.375e-05,30.0,0.0010125
OAX/BTC,1533491282243,2018-08-05T17:48:02.243Z,buy,3.376e-05,70.0,0.0023632
OAX/BTC,1533491282243,2018-08-05T17:48:02.243Z,buy,3.377e-05,335.0,0.011312949999999999
OAX/BTC,1533491282243,2018-08-05T17:48:02.243Z,buy,3.389e-05,387.0,0.01311543
OAX/BTC,1533491282243,2018-08-05T17:48:02.243Z,buy,3.404e-05,2716.0,0.09245264
OAX/BTC,1533491282243,2018-08-05T17:48:02.243Z,buy,3.405e-05,364.0,0.012394200000000001
OAX/BTC,1533491322357,2018-08-05T17:48:42.357Z,sell,3.36e-05,30.0,0.001008
OAX/BTC,1533491322357,2018-08-05T17:48:42.357Z,sell,3.359e-05,6.0,0.00020154
OAX/BTC,1533491612400,2018-08-05T17:53:32.400Z,sell,3.366e-05,724.0,0.02436984
OAX/BTC,1533491613395,2018-08-05T17:53:33.395Z,buy,3.366e-05,143.0,0.00481338
OAX/BTC,1533492316635,2018-08-05T18:05:16.635Z,sell,3.366e-05,644.0,0.021677039999999998
OAX/BTC,1533492672023,2018-08-05T18:11:12.023Z,buy,3.366e-05,37.0,0.00124542
OAX/BTC,1533492672023,2018-08-05T18:11:12.023Z,buy,3.373e-05,643.0,0.02168839
OAX/BTC,1533492672023,2018-08-05T18:11:12.023Z,buy,3.404e-05,16.0,0.00054464
OAX/BTC,1533493260651,2018-08-05T18:21:00.651Z,buy,3.385e-05,640.0,0.021664000000000003
OAX/BTC,1533493260651,2018-08-05T18:21:00.651Z,buy,3.399e-05,30.0,0.0010197
OAX/BTC,1533493260651,2018-08-05T18:21:00.651Z,buy,3.404e-05,709.0,0.02413436
OAX/BTC,1533493260670,2018-08-05T18:21:00.670Z,sell,3.404e-05,220.0,0.0074887999999999995
OAX/BTC,1533493279616,2018-08-05T18:21:19.616Z,buy,3.388e-05,220.0,0.0074536
OAX/BTC,1533493279710,2018-08-05T18:21:19.710Z,sell,3.388e-05,240.0,0.0081312
OAX/BTC,1533493281411,2018-08-05T18:21:21.411Z,sell,3.389e-05,30.0,0.0010167000000000002
OAX/BTC,1533493325076,2018-08-05T18:22:05.076Z,sell,3.376e-05,289.0,0.00975664
OAX/BTC,1533493371936,2018-08-05T18:22:51.936Z,buy,3.376e-05,324.0,0.01093824
OAX/BTC,1533493549968,2018-08-05T18:25:49.968Z,buy,3.398e-05,106.0,0.0036018800000000004
OAX/BTC,1533493549985,2018-08-05T18:25:49.985Z,sell,3.398e-05,480.0,0.016310400000000003
OAX/BTC,1533493595375,2018-08-05T18:26:35.375Z,buy,3.4e-05,415.0,0.01411
OAX/BTC,1533493595375,2018-08-05T18:26:35.375Z,buy,3.405e-05,36.0,0.0012258
OAX/BTC,1533493721632,2018-08-05T18:28:41.632Z,buy,3.405e-05,50.0,0.0017025
OAX/BTC,1533493729110,2018-08-05T18:28:49.110Z,buy,3.405e-05,30.0,0.0010215
OAX/BTC,1533493733297,2018-08-05T18:28:53.297Z,buy,3.405e-05,35.0,0.00119175
OAX/BTC,1533493737636,2018-08-05T18:28:57.636Z,buy,3.405e-05,30.0,0.0010215
OAX/BTC,1533493743566,2018-08-05T18:29:03.566Z,buy,3.405e-05,45.0,0.00153225
OAX/BTC,1533493752196,2018-08-05T18:29:12.196Z,buy,3.405e-05,392.0,0.013347600000000001
OAX/BTC,1533493780710,2018-08-05T18:29:40.710Z,buy,3.405e-05,199.0,0.00677595
OAX/BTC,1533493780710,2018-08-05T18:29:40.710Z,buy,3.414e-05,25.0,0.0008535000000000001
OAX/BTC,1533493792952,2018-08-05T18:29:52.952Z,buy,3.414e-05,200.0,0.006828000000000001
OAX/BTC,1533493792952,2018-08-05T18:29:52.952Z,buy,3.424e-05,23.0,0.0007875199999999999
OAX/BTC,1533493844481,2018-08-05T18:30:44.481Z,buy,3.403e-05,36.0,0.00122508
OAX/BTC,1533493857649,2018-08-05T18:30:57.649Z,buy,3.42e-05,35.0,0.001197
OAX/BTC,1533493906983,2018-08-05T18:31:46.983Z,buy,3.42e-05,833.0,0.0284886
OAX/BTC,1533493907859,2018-08-05T18:31:47.859Z,sell,3.42e-05,105.0,0.0035909999999999996
OAX/BTC,1533494134589,2018-08-05T18:35:34.589Z,buy,3.42e-05,176.0,0.0060192
OAX/BTC,1533494134589,2018-08-05T18:35:34.589Z,buy,3.424e-05,66.0,0.00225984
OAX/BTC,1533494134940,2018-08-05T18:35:34.940Z,sell,3.424e-05,695.0,0.0237968
OAX/BTC,1533494138056,2018-08-05T18:35:38.056Z,sell,3.417e-05,1130.0,0.038612099999999996
OAX/BTC,1533494260143,2018-08-05T18:37:40.143Z,sell,3.41e-05,138.0,0.0047058000000000004
OAX/BTC,1533494260143,2018-08-05T18:37:40.143Z,sell,3.409e-05,1133.0,0.03862397
OAX/BTC,1533494260143,2018-08-05T18:37:40.143Z,sell,3.397e-05,81.0,0.00275157
OAX/BTC,1533494260143,2018-08-05T18:37:40.143Z,sell,3.391e-05,147.0,0.0049847699999999995
OAX/BTC,1533494260143,2018-08-05T18:37:40.143Z,sell,3.379e-05,206.0,0.00696074
OAX/BTC,1533494260143,2018-08-05T18:37:40.143Z,sell,3.378e-05,1164.0,0.03931992
OAX/BTC,1533494260162,2018-08-05T18:37:40.162Z,buy,3.378e-05,2245.0,0.07583609999999999
OAX/BTC,1533494260221,2018-08-05T18:37:40.221Z,buy,3.378e-05,434.0,0.01466052
OAX/BTC,1533494260227,2018-08-05T18:37:40.227Z,buy,3.378e-05,146.0,0.00493188
OAX/BTC,1533494260229,2018-08-05T18:37:40.229Z,buy,3.378e-05,434.0,0.01466052
OAX/BTC,1533494260266,2018-08-05T18:37:40.266Z,buy,3.378e-05,260.0,0.0087828
OAX/BTC,1533494260290,2018-08-05T18:37:40.290Z,buy,3.378e-05,1.0,3.378e-05
OAX/BTC,1533494260817,2018-08-05T18:37:40.817Z,sell,3.385e-05,2.0,6.77e-05
OAX/BTC,1533494260835,2018-08-05T18:37:40.835Z,buy,3.43e-05,3.0,0.00010290000000000001
OAX/BTC,1533494260870,2018-08-05T18:37:40.870Z,sell,3.386e-05,36.0,0.0012189599999999998
OAX/BTC,1533494261306,2018-08-05T18:37:41.306Z,buy,3.405e-05,582.0,0.0198171
OAX/BTC,1533494261636,2018-08-05T18:37:41.636Z,buy,3.399e-05,38.0,0.0012916199999999998
OAX/BTC,1533494263542,2018-08-05T18:37:43.542Z,sell,3.392e-05,2.0,6.784e-05
OAX/BTC,1533494333049,2018-08-05T18:38:53.049Z,buy,3.403e-05,10.0,0.0003403
OAX/BTC,1533494504070,2018-08-05T18:41:44.070Z,sell,3.388e-05,80.0,0.0027104
OAX/BTC,1533494539782,2018-08-05T18:42:19.782Z,sell,3.371e-05,89.0,0.0030001900000000002
OAX/BTC,1533494570510,2018-08-05T18:42:50.510Z,buy,3.37e-05,32.0,0.0010784
OAX/BTC,1533494570510,2018-08-05T18:42:50.510Z,buy,3.37e-05,32.0,0.0010784
OAX/BTC,1533494714619,2018-08-05T18:45:14.619Z,sell,3.36e-05,1.0,3.36e-05
OAX/BTC,1533495017284,2018-08-05T18:50:17.284Z,buy,3.374e-05,48.0,0.00161952
OAX/BTC,1533495017284,2018-08-05T18:50:17.284Z,buy,3.386e-05,168.0,0.005688479999999999
OAX/BTC,1533495017284,2018-08-05T18:50:17.284Z,buy,3.393e-05,89.0,0.00301977
OAX/BTC,1533495017284,2018-08-05T18:50:17.284Z,buy,3.397e-05,145.0,0.00492565
OAX/BTC,1533497315461,2018-08-05T19:28:35.461Z,buy,3.375e-05,793.0,0.02676375
OAX/BTC,1533497519260,2018-08-05T19:31:59.260Z,sell,3.355e-05,89.0,0.0029859500000000002
OAX/BTC,1533497519260,2018-08-05T19:31:59.260Z,sell,3.354e-05,534.0,0.01791036
OAX/BTC,1533497879651,2018-08-05T19:37:59.651Z,buy,3.339e-05,427.0,0.01425753
OAX/BTC,1533497882260,2018-08-05T19:38:02.260Z,buy,3.351e-05,36.0,0.00120636
OAX/BTC,1533497903601,2018-08-05T19:38:23.601Z,buy,3.351e-05,1.0,3.351e-05
OAX/BTC,1533497920788,2018-08-05T19:38:40.788Z,buy,3.351e-05,2.0,6.702e-05
OAX/BTC,1533497920788,2018-08-05T19:38:40.788Z,buy,3.351e-05,2.0,6.702e-05
OAX/BTC,1533498187657,2018-08-05T19:43:07.657Z,sell,3.335e-05,32.0,0.0010672
OAX/BTC,1533498195234,2018-08-05T19:43:15.234Z,buy,3.351e-05,36.0,0.00120636
OAX/BTC,1533498904977,2018-08-05T19:55:04.977Z,buy,3.368e-05,296.0,0.00996928
OAX/BTC,1533498911947,2018-08-05T19:55:11.947Z,buy,3.368e-05,35.0,0.0011788
OAX/BTC,1533500425957,2018-08-05T20:20:25.957Z,buy,3.361e-05,644.0,0.02164484
OAX/BTC,1533500425957,2018-08-05T20:20:25.957Z,buy,3.368e-05,169.0,0.0056919200000000005
OAX/BTC,1533500425957,2018-08-05T20:20:25.957Z,buy,3.374e-05,89.0,0.00300286
OAX/BTC,1533500425957,2018-08-05T20:20:25.957Z,buy,3.397e-05,319.0,0.010836430000000001
OAX/BTC,1533500425957,2018-08-05T20:20:25.957Z,buy,3.4e-05,982.0,0.033388
OAX/BTC,1533500425957,2018-08-05T20:20:25.957Z,buy,3.415e-05,518.0,0.017689700000000003
OAX/BTC,1533500425957,2018-08-05T20:20:25.957Z,buy,3.43e-05,197.0,0.0067571
OAX/BTC,1533500425957,2018-08-05T20:20:25.957Z,buy,3.432e-05,154.0,0.00528528
OAX/BTC,1533500425957,2018-08-05T20:20:25.957Z,buy,3.447e-05,436.0,0.01502892
OAX/BTC,1533500425957,2018-08-05T20:20:25.957Z,buy,3.45e-05,2211.0,0.0762795
OAX/BTC,1533500425957,2018-08-05T20:20:25.957Z,buy,3.461e-05,50.0,0.0017305
OAX/BTC,1533500425957,2018-08-05T20:20:25.957Z,buy,3.469e-05,120.0,0.0041628
OAX/BTC,1533500425957,2018-08-05T20:20:25.957Z,buy,3.49e-05,223.0,0.0077827
OAX/BTC,1533500425957,2018-08-05T20:20:25.957Z,buy,3.497e-05,116.0,0.00405652
OAX/BTC,1533500428552,2018-08-05T20:20:28.552Z,buy,3.494e-05,636.0,0.02222184
OAX/BTC,1533500428552,2018-08-05T20:20:28.552Z,buy,3.496e-05,140.0,0.004894399999999999
OAX/BTC,1533500428552,2018-08-05T20:20:28.552Z,buy,3.497e-05,1095.0,0.03829215
OAX/BTC,1533500428552,2018-08-05T20:20:28.552Z,buy,3.498e-05,27.0,0.00094446
OAX/BTC,1533500435496,2018-08-05T20:20:35.496Z,sell,3.435e-05,84.0,0.0028854
OAX/BTC,1533500435528,2018-08-05T20:20:35.528Z,sell,3.435e-05,76.0,0.0026106000000000002
OAX/BTC,1533500436054,2018-08-05T20:20:36.054Z,sell,3.435e-05,66.0,0.0022671
OAX/BTC,1533500440108,2018-08-05T20:20:40.108Z,sell,3.454e-05,138.0,0.00476652
OAX/BTC,1533500445806,2018-08-05T20:20:45.806Z,sell,3.438e-05,36.0,0.00123768
OAX/BTC,1533500459751,2018-08-05T20:20:59.751Z,sell,3.455e-05,190.0,0.0065645
OAX/BTC,1533500462427,2018-08-05T20:21:02.427Z,buy,3.496e-05,30.0,0.0010488
OAX/BTC,1533500462427,2018-08-05T20:21:02.427Z,buy,3.497e-05,59.0,0.00206323
OAX/BTC,1533500464763,2018-08-05T20:21:04.763Z,buy,3.496e-05,28.0,0.00097888
OAX/BTC,1533500469441,2018-08-05T20:21:09.441Z,sell,3.456e-05,231.0,0.00798336
OAX/BTC,1533500471437,2018-08-05T20:21:11.437Z,sell,3.455e-05,101.0,0.00348955
OAX/BTC,1533500472898,2018-08-05T20:21:12.898Z,sell,3.45e-05,43.0,0.0014835
OAX/BTC,1533500472983,2018-08-05T20:21:12.983Z,sell,3.45e-05,37.0,0.0012764999999999999
OAX/BTC,1533500473961,2018-08-05T20:21:13.961Z,sell,3.439e-05,36.0,0.0012380400000000001
OAX/BTC,1533500588727,2018-08-05T20:23:08.727Z,sell,3.397e-05,117.0,0.00397449
OAX/BTC,1533500595659,2018-08-05T20:23:15.659Z,buy,3.413e-05,116.0,0.00395908
OAX/BTC,1533501040559,2018-08-05T20:30:40.559Z,sell,3.417e-05,22.0,0.00075174
OAX/BTC,1533501041473,2018-08-05T20:30:41.473Z,sell,3.417e-05,22.0,0.00075174
OAX/BTC,1533501042546,2018-08-05T20:30:42.546Z,sell,3.417e-05,22.0,0.00075174
OAX/BTC,1533501043617,2018-08-05T20:30:43.617Z,sell,3.417e-05,22.0,0.00075174
OAX/BTC,1533501044683,2018-08-05T20:30:44.683Z,sell,3.417e-05,22.0,0.00075174
OAX/BTC,1533501045594,2018-08-05T20:30:45.594Z,sell,3.415e-05,22.0,0.0007513000000000001
OAX/BTC,1533501046656,2018-08-05T20:30:46.656Z,sell,3.414e-05,22.0,0.00075108
OAX/BTC,1533501047728,2018-08-05T20:30:47.728Z,sell,3.415e-05,22.0,0.0007513000000000001
OAX/BTC,1533501048643,2018-08-05T20:30:48.643Z,sell,3.415e-05,22.0,0.0007513000000000001
OAX/BTC,1533501049710,2018-08-05T20:30:49.710Z,sell,3.415e-05,22.0,0.0007513000000000001
OAX/BTC,1533501250223,2018-08-05T20:34:10.223Z,sell,3.418e-05,115.0,0.0039307000000000005
OAX/BTC,1533501250307,2018-08-05T20:34:10.307Z,sell,3.418e-05,3034.0,0.10370212000000001
OAX/BTC,1533501251734,2018-08-05T20:34:11.734Z,sell,3.417e-05,234.0,0.00799578
OAX/BTC,1533501253098,2018-08-05T20:34:13.098Z,sell,3.416e-05,152.0,0.005192319999999999
OAX/BTC,1533501253181,2018-08-05T20:34:13.181Z,sell,3.416e-05,81.0,0.0027669599999999997
OAX/BTC,1533501254734,2018-08-05T20:34:14.734Z,sell,3.413e-05,990.0,0.0337887
OAX/BTC,1533501475496,2018-08-05T20:37:55.496Z,sell,3.395e-05,1.0,3.395e-05
OAX/BTC,1533501478400,2018-08-05T20:37:58.400Z,sell,3.395e-05,1.0,3.395e-05
OAX/BTC,1533501478400,2018-08-05T20:37:58.400Z,sell,3.395e-05,1.0,3.395e-05
OAX/BTC,1533501522722,2018-08-05T20:38:42.722Z,sell,3.394e-05,2.0,6.788e-05
OAX/BTC,1533501870726,2018-08-05T20:44:30.726Z,buy,3.413e-05,292.0,0.00996596
OAX/BTC,1533501911385,2018-08-05T20:45:11.385Z,sell,3.395e-05,5.0,0.00016974999999999998
OAX/BTC,1533501920340,2018-08-05T20:45:20.340Z,sell,3.395e-05,1.0,3.395e-05
OAX/BTC,1533502107625,2018-08-05T20:48:27.625Z,sell,3.395e-05,82.0,0.0027838999999999997
OAX/BTC,1533502107666,2018-08-05T20:48:27.666Z,buy,3.395e-05,90.0,0.0030555
OAX/BTC,1533502145747,2018-08-05T20:49:05.747Z,buy,3.395e-05,28.0,0.0009506
OAX/BTC,1533502164948,2018-08-05T20:49:24.948Z,buy,3.41e-05,338.0,0.011525800000000001
OAX/BTC,1533502266374,2018-08-05T20:51:06.374Z,buy,3.412e-05,88.0,0.00300256
OAX/BTC,1533502266408,2018-08-05T20:51:06.408Z,buy,3.413e-05,279.0,0.00952227
OAX/BTC,1533502792116,2018-08-05T20:59:52.116Z,sell,3.417e-05,394.0,0.01346298
OAX/BTC,1533502792116,2018-08-05T20:59:52.116Z,sell,3.416e-05,188.0,0.006422079999999999
OAX/BTC,1533503608086,2018-08-05T21:13:28.086Z,sell,3.417e-05,1.0,3.417e-05
OAX/BTC,1533504486941,2018-08-05T21:28:06.941Z,sell,3.419e-05,30.0,0.0010257
OAX/BTC,1533505041855,2018-08-05T21:37:21.855Z,buy,3.438e-05,1.0,3.438e-05
OAX/BTC,1533505041855,2018-08-05T21:37:21.855Z,buy,3.438e-05,1.0,3.438e-05
OAX/BTC,1533505079255,2018-08-05T21:37:59.255Z,sell,3.418e-05,1.0,3.418e-05
OAX/BTC,1533506454763,2018-08-05T22:00:54.763Z,buy,3.439e-05,188.0,0.00646532
OAX/BTC,1533506454763,2018-08-05T22:00:54.763Z,buy,3.442e-05,226.0,0.00777892
OAX/BTC,1533506454763,2018-08-05T22:00:54.763Z,buy,3.46e-05,80.0,0.002768
OAX/BTC,1533506454763,2018-08-05T22:00:54.763Z,buy,3.477e-05,56.0,0.00194712
OAX/BTC,1533506472887,2018-08-05T22:01:12.887Z,buy,3.476e-05,32.0,0.00111232
OAX/BTC,1533506498115,2018-08-05T22:01:38.115Z,sell,3.454e-05,190.0,0.0065626
OAX/BTC,1533506506281,2018-08-05T22:01:46.281Z,sell,3.453e-05,235.0,0.00811455
OAX/BTC,1533506516111,2018-08-05T22:01:56.111Z,sell,3.453e-05,119.0,0.00410907
OAX/BTC,1533506630023,2018-08-05T22:03:50.023Z,sell,3.445e-05,3156.0,0.1087242
OAX/BTC,1533506630023,2018-08-05T22:03:50.023Z,sell,3.434e-05,567.0,0.01947078
OAX/BTC,1533506630023,2018-08-05T22:03:50.023Z,sell,3.426e-05,145.0,0.0049677
OAX/BTC,1533506630023,2018-08-05T22:03:50.023Z,sell,3.425e-05,165.0,0.00565125
OAX/BTC,1533506630023,2018-08-05T22:03:50.023Z,sell,3.424e-05,603.0,0.020646719999999997
OAX/BTC,1533506630023,2018-08-05T22:03:50.023Z,sell,3.423e-05,165.0,0.0056479500000000005
OAX/BTC,1533506630023,2018-08-05T22:03:50.023Z,sell,3.422e-05,977.0,0.03343294
OAX/BTC,1533506642117,2018-08-05T22:04:02.117Z,sell,3.425e-05,30.0,0.0010275
OAX/BTC,1533506667123,2018-08-05T22:04:27.123Z,sell,3.42e-05,165.0,0.005643
OAX/BTC,1533506773396,2018-08-05T22:06:13.396Z,sell,3.416e-05,32.0,0.00109312
OAX/BTC,1533506812185,2018-08-05T22:06:52.185Z,sell,3.416e-05,149.0,0.00508984
OAX/BTC,1533507269408,2018-08-05T22:14:29.408Z,sell,3.376e-05,190.0,0.006414400000000001
OAX/BTC,1533507276736,2018-08-05T22:14:36.736Z,buy,3.382e-05,34.0,0.0011498799999999998
OAX/BTC,1533507441993,2018-08-05T22:17:21.993Z,sell,3.387e-05,546.0,0.01849302
OAX/BTC,1533507441993,2018-08-05T22:17:21.993Z,sell,3.38e-05,89.0,0.0030082
OAX/BTC,1533507441993,2018-08-05T22:17:21.993Z,sell,3.376e-05,699.0,0.023598240000000003
OAX/BTC,1533507441993,2018-08-05T22:17:21.993Z,sell,3.371e-05,666.0,0.02245086
OAX/BTC,1533507476604,2018-08-05T22:17:56.604Z,buy,3.396e-05,35.0,0.0011886
OAX/BTC,1533507531295,2018-08-05T22:18:51.295Z,sell,3.379e-05,547.0,0.01848313
OAX/BTC,1533507531295,2018-08-05T22:18:51.295Z,sell,3.371e-05,1197.0,0.040350870000000004
OAX/BTC,1533507531309,2018-08-05T22:18:51.309Z,buy,3.371e-05,1256.0,0.042339760000000004
OAX/BTC,1533507566019,2018-08-05T22:19:26.019Z,buy,3.379e-05,405.0,0.01368495
OAX/BTC,1533507582217,2018-08-05T22:19:42.217Z,sell,3.365e-05,572.0,0.0192478
OAX/BTC,1533507590661,2018-08-05T22:19:50.661Z,buy,3.376e-05,36.0,0.00121536
OAX/BTC,1533507623332,2018-08-05T22:20:23.332Z,sell,3.362e-05,104.0,0.00349648
OAX/BTC,1533507647056,2018-08-05T22:20:47.056Z,buy,3.375e-05,30.0,0.0010125
OAX/BTC,1533507682164,2018-08-05T22:21:22.164Z,buy,3.369e-05,296.0,0.009972239999999999
OAX/BTC,1533507682164,2018-08-05T22:21:22.164Z,buy,3.371e-05,276.0,0.00930396
OAX/BTC,1533507935370,2018-08-05T22:25:35.370Z,sell,3.371e-05,317.0,0.01068607
OAX/BTC,1533508006387,2018-08-05T22:26:46.387Z,sell,3.367e-05,34.0,0.00114478
OAX/BTC,1533508211078,2018-08-05T22:30:11.078Z,buy,3.375e-05,35.0,0.00118125
OAX/BTC,1533508395445,2018-08-05T22:33:15.445Z,sell,3.375e-05,51.0,0.0017212500000000001
OAX/BTC,1533508429526,2018-08-05T22:33:49.526Z,sell,3.375e-05,115.0,0.00388125
OAX/BTC,1533508429526,2018-08-05T22:33:49.526Z,sell,3.375e-05,115.0,0.00388125
OAX/BTC,1533508702290,2018-08-05T22:38:22.290Z,buy,3.376e-05,1.0,3.376e-05
OAX/BTC,1533508770519,2018-08-05T22:39:30.519Z,buy,3.376e-05,1.0,3.376e-05
OAX/BTC,1533509017829,2018-08-05T22:43:37.829Z,buy,3.375e-05,73.0,0.0024637500000000002
OAX/BTC,1533509202455,2018-08-05T22:46:42.455Z,buy,3.375e-05,1.0,3.375e-05
OAX/BTC,1533509394408,2018-08-05T22:49:54.408Z,buy,3.375e-05,212.0,0.007155
OAX/BTC,1533509759096,2018-08-05T22:55:59.096Z,sell,3.363e-05,533.0,0.01792479
OAX/BTC,1533509764736,2018-08-05T22:56:04.736Z,sell,3.363e-05,397.0,0.013351110000000001
OAX/BTC,1533509770528,2018-08-05T22:56:10.528Z,buy,3.366e-05,35.0,0.0011781
OAX/BTC,1533510583486,2018-08-05T23:09:43.486Z,sell,3.339e-05,14.0,0.00046745999999999995
OAX/BTC,1533510584376,2018-08-05T23:09:44.376Z,sell,3.339e-05,72.0,0.00240408
OAX/BTC,1533510587069,2018-08-05T23:09:47.069Z,buy,3.36e-05,35.0,0.001176
OAX/BTC,1533510786889,2018-08-05T23:13:06.889Z,buy,3.36e-05,80.0,0.002688
OAX/BTC,1533510799093,2018-08-05T23:13:19.093Z,sell,3.341e-05,79.0,0.00263939
OAX/BTC,1533510892450,2018-08-05T23:14:52.450Z,buy,3.359e-05,35.0,0.00117565
OAX/BTC,1533511408431,2018-08-05T23:23:28.431Z,buy,3.364e-05,1.0,3.364e-05
OAX/BTC,1533511534888,2018-08-05T23:25:34.888Z,sell,3.356e-05,148.0,0.00496688
OAX/BTC,1533511543020,2018-08-05T23:25:43.020Z,buy,3.357e-05,35.0,0.00117495
OAX/BTC,1533511543020,2018-08-05T23:25:43.020Z,buy,3.357e-05,35.0,0.00117495
OAX/BTC,1533512295788,2018-08-05T23:38:15.788Z,buy,3.358e-05,1.0,3.358e-05
OAX/BTC,1533512297937,2018-08-05T23:38:17.937Z,sell,3.357e-05,3120.0,0.1047384
OAX/BTC,1533512370492,2018-08-05T23:39:30.492Z,buy,3.361e-05,1.0,3.361e-05
OAX/BTC,1533512670448,2018-08-05T23:44:30.448Z,buy,3.361e-05,32.0,0.00107552
OAX/BTC,1533512698161,2018-08-05T23:44:58.161Z,sell,3.357e-05,432.0,0.01450224
OAX/BTC,1533512765462,2018-08-05T23:46:05.462Z,sell,3.338e-05,257.0,0.00857866
OAX/BTC,1533512806329,2018-08-05T23:46:46.329Z,buy,3.359e-05,1.0,3.359e-05
OAX/BTC,1533513131267,2018-08-05T23:52:11.267Z,sell,3.349e-05,196.0,0.00656404
OAX/BTC,1533513252439,2018-08-05T23:54:12.439Z,buy,3.358e-05,15.0,0.0005037
OAX/BTC,1533513372580,2018-08-05T23:56:12.580Z,buy,3.357e-05,74.0,0.00248418
OAX/BTC,1533513438798,2018-08-05T23:57:18.798Z,sell,3.346e-05,242.0,0.00809732
OAX/BTC,1533513609230,2018-08-06T00:00:09.230Z,buy,3.359e-05,504.0,0.01692936
OAX/BTC,1533513814350,2018-08-06T00:03:34.350Z,sell,3.359e-05,476.0,0.01598884
OAX/BTC,1533513912638,2018-08-06T00:05:12.638Z,buy,3.358e-05,534.0,0.01793172
OAX/BTC,1533514587494,2018-08-06T00:16:27.494Z,buy,3.345e-05,96.0,0.0032112
OAX/BTC,1533514588277,2018-08-06T00:16:28.277Z,buy,3.345e-05,32.0,0.0010704
OAX/BTC,1533514643583,2018-08-06T00:17:23.583Z,sell,3.326e-05,385.0,0.012805099999999998
OAX/BTC,1533514643600,2018-08-06T00:17:23.600Z,buy,3.326e-05,37.0,0.00123062
OAX/BTC,1533514643863,2018-08-06T00:17:23.863Z,buy,3.326e-05,9486.0,0.31550436
OAX/BTC,1533514646943,2018-08-06T00:17:26.943Z,buy,3.34e-05,953.0,0.031830199999999996
OAX/BTC,1533515009634,2018-08-06T00:23:29.634Z,buy,3.356e-05,74.0,0.00248344
OAX/BTC,1533515023721,2018-08-06T00:23:43.721Z,buy,3.356e-05,319.0,0.010705639999999999
OAX/BTC,1533515102956,2018-08-06T00:25:02.956Z,buy,3.359e-05,195.0,0.00655005
OAX/BTC,1533515102956,2018-08-06T00:25:02.956Z,buy,3.359e-05,195.0,0.00655005
OAX/BTC,1533515161134,2018-08-06T00:26:01.134Z,buy,3.365e-05,377.0,0.012686049999999999
OAX/BTC,1533515179756,2018-08-06T00:26:19.756Z,buy,3.364e-05,74.0,0.0024893600000000004
OAX/BTC,1533515952963,2018-08-06T00:39:12.963Z,sell,3.359e-05,311.0,0.010446490000000001
OAX/BTC,1533515956576,2018-08-06T00:39:16.576Z,buy,3.363e-05,1.0,3.363e-05
OAX/BTC,1533515956962,2018-08-06T00:39:16.962Z,sell,3.358e-05,34.0,0.00114172
OAX/BTC,1533516126703,2018-08-06T00:42:06.703Z,buy,3.366e-05,105.0,0.0035342999999999998
OAX/BTC,1533516373280,2018-08-06T00:46:13.280Z,buy,3.365e-05,297.0,0.009994049999999999
OAX/BTC,1533516613272,2018-08-06T00:50:13.272Z,buy,3.364e-05,297.0,0.009991080000000001
OAX/BTC,1533516934890,2018-08-06T00:55:34.890Z,buy,3.363e-05,297.0,0.00998811
OAX/BTC,1533517679253,2018-08-06T01:07:59.253Z,buy,3.342e-05,145.0,0.0048459
OAX/BTC,1533517751024,2018-08-06T01:09:11.024Z,buy,3.347e-05,499.0,0.016701530000000003
OAX/BTC,1533517752028,2018-08-06T01:09:12.028Z,buy,3.348e-05,249.0,0.00833652
OAX/BTC,1533517753034,2018-08-06T01:09:13.034Z,buy,3.35e-05,165.0,0.0055275
OAX/BTC,1533517754871,2018-08-06T01:09:14.871Z,buy,3.353e-05,165.0,0.0055324499999999995
OAX/BTC,1533517805882,2018-08-06T01:10:05.882Z,buy,3.354e-05,357.0,0.01197378
OAX/BTC,1533517884037,2018-08-06T01:11:24.037Z,buy,3.356e-05,165.0,0.0055374
OAX/BTC,1533517884037,2018-08-06T01:11:24.037Z,buy,3.356e-05,165.0,0.0055374
OAX/BTC,1533519461844,2018-08-06T01:37:41.844Z,buy,3.364e-05,1.0,3.364e-05
OAX/BTC,1533520017090,2018-08-06T01:46:57.090Z,buy,3.364e-05,1.0,3.364e-05
OAX/BTC,1533520209447,2018-08-06T01:50:09.447Z,sell,3.34e-05,320.0,0.010688
OAX/BTC,1533520537817,2018-08-06T01:55:37.817Z,buy,3.361e-05,74.0,0.0024871399999999997
OAX/BTC,1533521407927,2018-08-06T02:10:07.927Z,buy,3.36e-05,1022.0,0.03433919999999999
OAX/BTC,1533521407927,2018-08-06T02:10:07.927Z,buy,3.361e-05,1099.0,0.03693739
OAX/BTC,1533521407927,2018-08-06T02:10:07.927Z,buy,3.36e-05,1022.0,0.03433919999999999
OAX/BTC,1533521407927,2018-08-06T02:10:07.927Z,buy,3.361e-05,1099.0,0.03693739
OAX/BTC,1533522131369,2018-08-06T02:22:11.369Z,buy,3.359e-05,256.0,0.00859904
OAX/BTC,1533522131369,2018-08-06T02:22:11.369Z,buy,3.361e-05,41.0,0.0013780099999999998
OAX/BTC,1533523092293,2018-08-06T02:38:12.293Z,buy,3.359e-05,297.0,0.00997623
OAX/BTC,1533523108799,2018-08-06T02:38:28.799Z,buy,3.359e-05,1.0,3.359e-05
OAX/BTC,1533523136574,2018-08-06T02:38:56.574Z,buy,3.357e-05,291.0,0.009768869999999999
OAX/BTC,1533523136574,2018-08-06T02:38:56.574Z,buy,3.361e-05,1196.0,0.04019756
OAX/BTC,1533523674126,2018-08-06T02:47:54.126Z,sell,3.34e-05,39.0,0.0013026
OAX/BTC,1533523674126,2018-08-06T02:47:54.126Z,sell,3.321e-05,2782.0,0.09239022000000001
OAX/BTC,1533523678795,2018-08-06T02:47:58.795Z,sell,3.33e-05,301.0,0.0100233
OAX/BTC,1533523678795,2018-08-06T02:47:58.795Z,sell,3.325e-05,168.0,0.005586000000000001
OAX/BTC,1533523678795,2018-08-06T02:47:58.795Z,sell,3.321e-05,377.0,0.01252017
OAX/BTC,1533523678795,2018-08-06T02:47:58.795Z,sell,3.32e-05,433.0,0.0143756
OAX/BTC,1533523699374,2018-08-06T02:48:19.374Z,buy,3.352e-05,6.0,0.00020112
OAX/BTC,1533523699374,2018-08-06T02:48:19.374Z,buy,3.352e-05,6.0,0.00020112
OAX/BTC,1533525009830,2018-08-06T03:10:09.830Z,sell,3.352e-05,102.0,0.00341904
OAX/BTC,1533525816247,2018-08-06T03:23:36.247Z,buy,3.352e-05,1.0,3.352e-05
OAX/BTC,1533526744217,2018-08-06T03:39:04.217Z,buy,3.349e-05,1.0,3.349e-05
OAX/BTC,1533527127401,2018-08-06T03:45:27.401Z,buy,3.349e-05,204.0,0.00683196
OAX/BTC,1533527143958,2018-08-06T03:45:43.958Z,buy,3.365e-05,3082.0,0.10370929999999999
OAX/BTC,1533527143958,2018-08-06T03:45:43.958Z,buy,3.365e-05,3082.0,0.10370929999999999
OAX/BTC,1533527514260,2018-08-06T03:51:54.260Z,buy,3.362e-05,461.0,0.01549882
OAX/BTC,1533527514260,2018-08-06T03:51:54.260Z,buy,3.364e-05,71.0,0.0023884400000000004
OAX/BTC,1533527514277,2018-08-06T03:51:54.277Z,sell,3.364e-05,545.0,0.0183338
OAX/BTC,1533527514826,2018-08-06T03:51:54.826Z,sell,3.364e-05,2023.0,0.06805372000000001
OAX/BTC,1533527526830,2018-08-06T03:52:06.830Z,sell,3.364e-05,2600.0,0.08746400000000001
OAX/BTC,1533527561802,2018-08-06T03:52:41.802Z,buy,3.365e-05,478.0,0.0160847
OAX/BTC,1533528377110,2018-08-06T04:06:17.110Z,buy,3.366e-05,297.0,0.00999702
OAX/BTC,1533528631475,2018-08-06T04:10:31.475Z,sell,3.349e-05,191.0,0.00639659
OAX/BTC,1533528631475,2018-08-06T04:10:31.475Z,sell,3.347e-05,31.0,0.00103757
OAX/BTC,1533529058823,2018-08-06T04:17:38.823Z,sell,3.347e-05,384.0,0.012852480000000001
OAX/BTC,1533529058823,2018-08-06T04:17:38.823Z,sell,3.333e-05,112.0,0.00373296
OAX/BTC,1533529058823,2018-08-06T04:17:38.823Z,sell,3.314e-05,200.0,0.006627999999999999
OAX/BTC,1533529085041,2018-08-06T04:18:05.041Z,sell,3.332e-05,1.0,3.332e-05
OAX/BTC,1533529843149,2018-08-06T04:30:43.149Z,buy,3.365e-05,151.0,0.0050811499999999996
OAX/BTC,1533530057701,2018-08-06T04:34:17.701Z,buy,3.365e-05,297.0,0.009994049999999999
OAX/BTC,1533530243633,2018-08-06T04:37:23.633Z,buy,3.365e-05,77.0,0.0025910499999999997
OAX/BTC,1533530454348,2018-08-06T04:40:54.348Z,sell,3.351e-05,1.0,3.351e-05
OAX/BTC,1533530479129,2018-08-06T04:41:19.129Z,sell,3.351e-05,48.0,0.0016084800000000002
OAX/BTC,1533530479129,2018-08-06T04:41:19.129Z,sell,3.351e-05,48.0,0.0016084800000000002
OAX/BTC,1533531493198,2018-08-06T04:58:13.198Z,sell,3.335e-05,40.0,0.001334
OAX/BTC,1533532689035,2018-08-06T05:18:09.035Z,buy,3.353e-05,65.0,0.00217945
OAX/BTC,1533532689035,2018-08-06T05:18:09.035Z,buy,3.353e-05,65.0,0.00217945
OAX/BTC,1533535784383,2018-08-06T06:09:44.383Z,sell,3.335e-05,32.0,0.0010672
OAX/BTC,1533535996076,2018-08-06T06:13:16.076Z,sell,3.335e-05,678.0,0.022611299999999997
OAX/BTC,1533536004314,2018-08-06T06:13:24.314Z,sell,3.332e-05,141.0,0.00469812
OAX/BTC,1533536278282,2018-08-06T06:17:58.282Z,sell,3.306e-05,72.0,0.00238032
OAX/BTC,1533536278282,2018-08-06T06:17:58.282Z,sell,3.305e-05,17.0,0.0005618499999999999
OAX/BTC,1533536280037,2018-08-06T06:18:00.037Z,buy,3.331e-05,35.0,0.00116585
OAX/BTC,1533536280037,2018-08-06T06:18:00.037Z,buy,3.331e-05,35.0,0.00116585
OAX/BTC,1533536656366,2018-08-06T06:24:16.366Z,buy,3.331e-05,85.0,0.00283135
OAX/BTC,1533536676192,2018-08-06T06:24:36.192Z,buy,3.355e-05,456.0,0.015298800000000001
OAX/BTC,1533536702788,2018-08-06T06:25:02.788Z,sell,3.333e-05,10.0,0.0003333
OAX/BTC,1533536777020,2018-08-06T06:26:17.020Z,sell,3.334e-05,35.0,0.0011669
OAX/BTC,1533536777020,2018-08-06T06:26:17.020Z,sell,3.333e-05,110.0,0.0036663
OAX/BTC,1533537047296,2018-08-06T06:30:47.296Z,buy,3.329e-05,31.0,0.00103199
OAX/BTC,1533537047775,2018-08-06T06:30:47.775Z,buy,3.329e-05,89.0,0.00296281
OAX/BTC,1533537047775,2018-08-06T06:30:47.775Z,buy,3.333e-05,13.0,0.00043329
OAX/BTC,1533537144449,2018-08-06T06:32:24.449Z,sell,3.309e-05,59.0,0.0019523100000000003
OAX/BTC,1533537168578,2018-08-06T06:32:48.578Z,buy,3.331e-05,40.0,0.0013323999999999999
OAX/BTC,1533537576057,2018-08-06T06:39:36.057Z,buy,3.331e-05,35.0,0.00116585
OAX/BTC,1533537585572,2018-08-06T06:39:45.572Z,buy,3.331e-05,1.0,3.331e-05
OAX/BTC,1533537883752,2018-08-06T06:44:43.752Z,buy,3.331e-05,35.0,0.00116585
OAX/BTC,1533537970068,2018-08-06T06:46:10.068Z,buy,3.331e-05,1.0,3.331e-05
OAX/BTC,1533538415285,2018-08-06T06:53:35.285Z,sell,3.31e-05,39.0,0.0012909
OAX/BTC,1533538572235,2018-08-06T06:56:12.235Z,sell,3.31e-05,38.0,0.0012577999999999999
OAX/BTC,1533538796471,2018-08-06T06:59:56.471Z,sell,3.313e-05,115.0,0.0038099500000000003
OAX/BTC,1533538818709,2018-08-06T07:00:18.709Z,sell,3.313e-05,32.0,0.00106016
OAX/BTC,1533538818709,2018-08-06T07:00:18.709Z,sell,3.311e-05,387.0,0.01281357
OAX/BTC,1533538818709,2018-08-06T07:00:18.709Z,sell,3.31e-05,27.0,0.0008937
OAX/BTC,1533538859272,2018-08-06T07:00:59.272Z,buy,3.331e-05,8.0,0.00026648
OAX/BTC,1533538876438,2018-08-06T07:01:16.438Z,sell,3.332e-05,383.0,0.01276156
OAX/BTC,1533538876438,2018-08-06T07:01:16.438Z,sell,3.331e-05,892.0,0.02971252
OAX/BTC,1533538876438,2018-08-06T07:01:16.438Z,sell,3.332e-05,383.0,0.01276156
OAX/BTC,1533538876438,2018-08-06T07:01:16.438Z,sell,3.331e-05,892.0,0.02971252
OAX/BTC,1533540185414,2018-08-06T07:23:05.414Z,buy,3.331e-05,387.0,0.01289097
OAX/BTC,1533540185414,2018-08-06T07:23:05.414Z,buy,3.332e-05,13.0,0.00043316
OAX/BTC,1533541091468,2018-08-06T07:38:11.468Z,buy,3.349e-05,72.0,0.00241128
OAX/BTC,1533541091468,2018-08-06T07:38:11.468Z,buy,3.35e-05,689.0,0.0230815
OAX/BTC,1533541178801,2018-08-06T07:39:38.801Z,sell,3.356e-05,188.0,0.00630928
OAX/BTC,1533541179314,2018-08-06T07:39:39.314Z,sell,3.355e-05,315.0,0.010568250000000001
OAX/BTC,1533542084297,2018-08-06T07:54:44.297Z,buy,3.354e-05,106.0,0.00355524
OAX/BTC,1533542085300,2018-08-06T07:54:45.300Z,buy,3.354e-05,22.0,0.00073788
OAX/BTC,1533542085300,2018-08-06T07:54:45.300Z,buy,3.355e-05,104.0,0.0034892000000000005
OAX/BTC,1533542140206,2018-08-06T07:55:40.206Z,sell,3.335e-05,48.0,0.0016007999999999999
OAX/BTC,1533542140206,2018-08-06T07:55:40.206Z,sell,3.335e-05,48.0,0.0016007999999999999
OAX/BTC,1533542520656,2018-08-06T08:02:00.656Z,sell,3.335e-05,30.0,0.0010004999999999999
OAX/BTC,1533543826773,2018-08-06T08:23:46.773Z,sell,3.336e-05,62.0,0.00206832
OAX/BTC,1533544310737,2018-08-06T08:31:50.737Z,sell,3.336e-05,162.0,0.00540432
OAX/BTC,1533544310737,2018-08-06T08:31:50.737Z,sell,3.335e-05,638.0,0.0212773
OAX/BTC,1533544618980,2018-08-06T08:36:58.980Z,sell,3.335e-05,1.0,3.335e-05
OAX/BTC,1533544754163,2018-08-06T08:39:14.163Z,sell,3.335e-05,6.0,0.00020009999999999998
OAX/BTC,1533544839186,2018-08-06T08:40:39.186Z,buy,3.334e-05,58.0,0.00193372
OAX/BTC,1533545477083,2018-08-06T08:51:17.083Z,buy,3.334e-05,150.0,0.005001
OAX/BTC,1533545579461,2018-08-06T08:52:59.461Z,buy,3.334e-05,30.0,0.0010002000000000001
OAX/BTC,1533545579461,2018-08-06T08:52:59.461Z,buy,3.335e-05,25.0,0.00083375
OAX/BTC,1533545579461,2018-08-06T08:52:59.461Z,buy,3.342e-05,195.0,0.0065169
OAX/BTC,1533545579461,2018-08-06T08:52:59.461Z,buy,3.334e-05,30.0,0.0010002000000000001
OAX/BTC,1533545579461,2018-08-06T08:52:59.461Z,buy,3.335e-05,25.0,0.00083375
OAX/BTC,1533545579461,2018-08-06T08:52:59.461Z,buy,3.342e-05,195.0,0.0065169
OAX/BTC,1533546746551,2018-08-06T09:12:26.551Z,sell,3.33e-05,100.0,0.0033300000000000005
OAX/BTC,1533546746551,2018-08-06T09:12:26.551Z,sell,3.322e-05,392.0,0.01302224
OAX/BTC,1533546746551,2018-08-06T09:12:26.551Z,sell,3.31e-05,176.0,0.005825599999999999
OAX/BTC,1533548278366,2018-08-06T09:37:58.366Z,buy,3.336e-05,266.0,0.00887376
OAX/BTC,1533548278366,2018-08-06T09:37:58.366Z,buy,3.352e-05,128.0,0.00429056
OAX/BTC,1533548301407,2018-08-06T09:38:21.407Z,sell,3.324e-05,15.0,0.0004986
OAX/BTC,1533548694472,2018-08-06T09:44:54.472Z,sell,3.324e-05,1.0,3.324e-05
OAX/BTC,1533548694472,2018-08-06T09:44:54.472Z,sell,3.324e-05,1.0,3.324e-05
OAX/BTC,1533550844734,2018-08-06T10:20:44.734Z,sell,3.324e-05,30.0,0.0009972
OAX/BTC,1533551298096,2018-08-06T10:28:18.096Z,buy,3.34e-05,50.0,0.00167
OAX/BTC,1533551298096,2018-08-06T10:28:18.096Z,buy,3.352e-05,236.0,0.00791072
OAX/BTC,1533551298096,2018-08-06T10:28:18.096Z,buy,3.356e-05,13.0,0.00043627999999999994
OAX/BTC,1533551905887,2018-08-06T10:38:25.887Z,sell,3.33e-05,1.0,3.33e-05
OAX/BTC,1533552045470,2018-08-06T10:40:45.470Z,buy,3.351e-05,30.0,0.0010053
OAX/BTC,1533552045470,2018-08-06T10:40:45.470Z,buy,3.351e-05,30.0,0.0010053
OAX/BTC,1533552969793,2018-08-06T10:56:09.793Z,buy,3.35e-05,70.0,0.002345
OAX/BTC,1533553263324,2018-08-06T11:01:03.324Z,sell,3.33e-05,85.0,0.0028305
OAX/BTC,1533553275709,2018-08-06T11:01:15.709Z,buy,3.35e-05,7.0,0.0002345
OAX/BTC,1533554796217,2018-08-06T11:26:36.217Z,sell,3.33e-05,49.0,0.0016317000000000003
OAX/BTC,1533555113998,2018-08-06T11:31:53.998Z,sell,3.33e-05,207.0,0.006893100000000001
OAX/BTC,1533555113998,2018-08-06T11:31:53.998Z,sell,3.311e-05,1561.0,0.05168471
OAX/BTC,1533555233291,2018-08-06T11:33:53.291Z,sell,3.324e-05,90.0,0.0029916
OAX/BTC,1533555233291,2018-08-06T11:33:53.291Z,sell,3.323e-05,302.0,0.01003546
OAX/BTC,1533555233291,2018-08-06T11:33:53.291Z,sell,3.311e-05,934.0,0.03092474
OAX/BTC,1533555308609,2018-08-06T11:35:08.609Z,sell,3.311e-05,994.0,0.03291134
OAX/BTC,1533555496793,2018-08-06T11:38:16.793Z,buy,3.336e-05,62.0,0.00206832
OAX/BTC,1533555496819,2018-08-06T11:38:16.819Z,buy,3.336e-05,30.0,0.0010008
OAX/BTC,1533555496819,2018-08-06T11:38:16.819Z,buy,3.336e-05,30.0,0.0010008
OAX/BTC,1533556237702,2018-08-06T11:50:37.702Z,buy,3.336e-05,368.0,0.01227648
OAX/BTC,1533558046400,2018-08-06T12:20:46.400Z,sell,3.337e-05,30.0,0.0010011
OAX/BTC,1533558046400,2018-08-06T12:20:46.400Z,sell,3.337e-05,30.0,0.0010011
OAX/BTC,1533559293356,2018-08-06T12:41:33.356Z,sell,3.337e-05,68.0,0.00226916
OAX/BTC,1533560342019,2018-08-06T12:59:02.019Z,buy,3.341e-05,90.0,0.0030069
OAX/BTC,1533560342019,2018-08-06T12:59:02.019Z,buy,3.35e-05,610.0,0.020435000000000002
OAX/BTC,1533560342019,2018-08-06T12:59:02.019Z,buy,3.354e-05,305.0,0.0102297
OAX/BTC,1533560344320,2018-08-06T12:59:04.320Z,buy,3.354e-05,297.0,0.00996138
OAX/BTC,1533560344320,2018-08-06T12:59:04.320Z,buy,3.356e-05,32.0,0.00107392
OAX/BTC,1533560463244,2018-08-06T13:01:03.244Z,buy,3.356e-05,39.0,0.00130884
OAX/BTC,1533560463244,2018-08-06T13:01:03.244Z,buy,3.356e-05,39.0,0.00130884
OAX/BTC,1533562149477,2018-08-06T13:29:09.477Z,sell,3.338e-05,386.0,0.01288468
OAX/BTC,1533562155894,2018-08-06T13:29:15.894Z,buy,3.356e-05,15.0,0.0005034
OAX/BTC,1533562155894,2018-08-06T13:29:15.894Z,buy,3.362e-05,2.0,6.724e-05
OAX/BTC,1533562316990,2018-08-06T13:31:56.990Z,sell,3.331e-05,218.0,0.007261579999999999
OAX/BTC,1533562478822,2018-08-06T13:34:38.822Z,sell,3.331e-05,268.0,0.008927079999999999
OAX/BTC,1533562732232,2018-08-06T13:38:52.232Z,sell,3.332e-05,1.0,3.332e-05
OAX/BTC,1533562881355,2018-08-06T13:41:21.355Z,buy,3.36e-05,175.0,0.00588
OAX/BTC,1533563102414,2018-08-06T13:45:02.414Z,sell,3.331e-05,1.0,3.331e-05
OAX/BTC,1533563407434,2018-08-06T13:50:07.434Z,sell,3.331e-05,133.0,0.004430229999999999
OAX/BTC,1533563407434,2018-08-06T13:50:07.434Z,sell,3.331e-05,133.0,0.004430229999999999
OAX/BTC,1533564317066,2018-08-06T14:05:17.066Z,sell,3.331e-05,172.0,0.0057293199999999996
OAX/BTC,1533564317066,2018-08-06T14:05:17.066Z,sell,3.326e-05,149.0,0.004955739999999999
OAX/BTC,1533564317066,2018-08-06T14:05:17.066Z,sell,3.311e-05,755.0,0.02499805
OAX/BTC,1533564324655,2018-08-06T14:05:24.655Z,buy,3.349e-05,4.0,0.00013396
OAX/BTC,1533564391931,2018-08-06T14:06:31.931Z,buy,3.349e-05,26.0,0.00087074
OAX/BTC,1533564391931,2018-08-06T14:06:31.931Z,buy,3.35e-05,240.0,0.00804
OAX/BTC,1533564391931,2018-08-06T14:06:31.931Z,buy,3.359e-05,32.0,0.00107488
OAX/BTC,1533564528763,2018-08-06T14:08:48.763Z,sell,3.32e-05,75.0,0.00249
OAX/BTC,1533565741870,2018-08-06T14:29:01.870Z,sell,3.321e-05,50.0,0.0016605
OAX/BTC,1533566287706,2018-08-06T14:38:07.706Z,buy,3.346e-05,76.0,0.00254296
OAX/BTC,1533566804931,2018-08-06T14:46:44.931Z,buy,3.346e-05,406.0,0.013584760000000001
OAX/BTC,1533566804931,2018-08-06T14:46:44.931Z,buy,3.346e-05,406.0,0.013584760000000001
OAX/BTC,1533569459858,2018-08-06T15:30:59.858Z,buy,3.346e-05,44.0,0.00147224
OAX/BTC,1533570261401,2018-08-06T15:44:21.401Z,buy,3.345e-05,134.0,0.0044823
OAX/BTC,1533570262797,2018-08-06T15:44:22.797Z,buy,3.345e-05,112.0,0.0037464
OAX/BTC,1533570262797,2018-08-06T15:44:22.797Z,buy,3.345e-05,112.0,0.0037464
OAX/BTC,1533572945095,2018-08-06T16:29:05.095Z,buy,3.345e-05,200.0,0.00669
OAX/BTC,1533572945095,2018-08-06T16:29:05.095Z,buy,3.345e-05,200.0,0.00669
OAX/BTC,1533573945503,2018-08-06T16:45:45.503Z,buy,3.345e-05,85.0,0.00284325
OAX/BTC,1533574855888,2018-08-06T17:00:55.888Z,sell,3.332e-05,70.0,0.0023324
OAX/BTC,1533574855888,2018-08-06T17:00:55.888Z,sell,3.33e-05,172.0,0.0057276
OAX/BTC,1533574855888,2018-08-06T17:00:55.888Z,sell,3.325e-05,164.0,0.005453
OAX/BTC,1533575866017,2018-08-06T17:17:46.017Z,sell,3.339e-05,30.0,0.0010017
OAX/BTC,1533575866017,2018-08-06T17:17:46.017Z,sell,3.338e-05,91.0,0.0030375800000000002
OAX/BTC,1533575866852,2018-08-06T17:17:46.852Z,sell,3.338e-05,35.0,0.0011683000000000002
OAX/BTC,1533575866852,2018-08-06T17:17:46.852Z,sell,3.325e-05,446.0,0.0148295
OAX/BTC,1533575867904,2018-08-06T17:17:47.904Z,sell,3.325e-05,1061.0,0.035278250000000004
OAX/BTC,1533575869300,2018-08-06T17:17:49.300Z,sell,3.325e-05,221.0,0.007348250000000001
OAX/BTC,1533575946736,2018-08-06T17:19:06.736Z,buy,3.346e-05,31.0,0.0010372600000000001
OAX/BTC,1533576002215,2018-08-06T17:20:02.215Z,sell,3.325e-05,76.0,0.002527
OAX/BTC,1533576002215,2018-08-06T17:20:02.215Z,sell,3.325e-05,76.0,0.002527
OAX/BTC,1533576675629,2018-08-06T17:31:15.629Z,sell,3.338e-05,49.0,0.0016356200000000002
OAX/BTC,1533577321601,2018-08-06T17:42:01.601Z,sell,3.321e-05,33.0,0.0010959300000000002
OAX/BTC,1533577321601,2018-08-06T17:42:01.601Z,sell,3.315e-05,29.0,0.00096135
OAX/BTC,1533578650127,2018-08-06T18:04:10.127Z,sell,3.338e-05,39.0,0.0013018200000000002
OAX/BTC,1533578650127,2018-08-06T18:04:10.127Z,sell,3.33e-05,38.0,0.0012654
OAX/BTC,1533578732318,2018-08-06T18:05:32.318Z,sell,3.33e-05,363.0,0.0120879
OAX/BTC,1533578732318,2018-08-06T18:05:32.318Z,sell,3.33e-05,363.0,0.0120879
OAX/BTC,1533580490512,2018-08-06T18:34:50.512Z,buy,3.33e-05,150.0,0.004995
OAX/BTC,1533581968443,2018-08-06T18:59:28.443Z,sell,3.316e-05,2211.0,0.07331676000000001
OAX/BTC,1533581968443,2018-08-06T18:59:28.443Z,sell,3.316e-05,2211.0,0.07331676000000001
OAX/BTC,1533582952263,2018-08-06T19:15:52.263Z,buy,3.331e-05,75.0,0.00249825
OAX/BTC,1533582952263,2018-08-06T19:15:52.263Z,buy,3.331e-05,75.0,0.00249825
OAX/BTC,1533585771862,2018-08-06T20:02:51.862Z,sell,3.326e-05,300.0,0.009977999999999999
OAX/BTC,1533585784132,2018-08-06T20:03:04.132Z,sell,3.325e-05,100.0,0.0033250000000000003
OAX/BTC,1533585799057,2018-08-06T20:03:19.057Z,sell,3.325e-05,138.0,0.0045885000000000006
OAX/BTC,1533585849511,2018-08-06T20:04:09.511Z,sell,3.316e-05,250.0,0.00829
OAX/BTC,1533585884632,2018-08-06T20:04:44.632Z,sell,3.316e-05,19.0,0.00063004
OAX/BTC,1533585884632,2018-08-06T20:04:44.632Z,sell,3.315e-05,731.0,0.024232649999999998
OAX/BTC,1533585953153,2018-08-06T20:05:53.153Z,sell,3.315e-05,561.0,0.01859715
OAX/BTC,1533585953153,2018-08-06T20:05:53.153Z,sell,3.315e-05,561.0,0.01859715
OAX/BTC,1533589217489,2018-08-06T21:00:17.489Z,buy,3.334e-05,30.0,0.0010002000000000001
OAX/BTC,1533589482796,2018-08-06T21:04:42.796Z,sell,3.325e-05,1100.0,0.036575
OAX/BTC,1533589485790,2018-08-06T21:04:45.790Z,sell,3.322e-05,50.0,0.001661
OAX/BTC,1533589490936,2018-08-06T21:04:50.936Z,sell,3.32e-05,58.0,0.0019256
OAX/BTC,1533589498975,2018-08-06T21:04:58.975Z,sell,3.315e-05,565.0,0.01872975
OAX/BTC,1533589535849,2018-08-06T21:05:35.849Z,sell,3.315e-05,699.0,0.02317185
OAX/BTC,1533589536793,2018-08-06T21:05:36.793Z,sell,3.312e-05,33.0,0.00109296
OAX/BTC,1533589543805,2018-08-06T21:05:43.805Z,sell,3.309e-05,167.0,0.00552603
OAX/BTC,1533589549093,2018-08-06T21:05:49.093Z,buy,3.315e-05,313.0,0.01037595
OAX/BTC,1533589549093,2018-08-06T21:05:49.093Z,buy,3.315e-05,313.0,0.01037595
OAX/BTC,1533589595201,2018-08-06T21:06:35.201Z,buy,3.315e-05,82.0,0.0027183
OAX/BTC,1533589625765,2018-08-06T21:07:05.765Z,sell,3.309e-05,33.0,0.00109197
OAX/BTC,1533589864392,2018-08-06T21:11:04.392Z,sell,3.309e-05,61.0,0.0020184900000000004
OAX/BTC,1533590035535,2018-08-06T21:13:55.535Z,buy,3.322e-05,75.0,0.0024915
OAX/BTC,1533591360259,2018-08-06T21:36:00.259Z,sell,3.305e-05,160.0,0.005287999999999999
OAX/BTC,1533591360259,2018-08-06T21:36:00.259Z,sell,3.3e-05,200.0,0.006600000000000001
OAX/BTC,1533591360259,2018-08-06T21:36:00.259Z,sell,3.295e-05,24.0,0.0007908
OAX/BTC,1533591360275,2018-08-06T21:36:00.275Z,buy,3.298e-05,221.0,0.00728858
OAX/BTC,1533591360699,2018-08-06T21:36:00.699Z,buy,3.3e-05,356.0,0.011748000000000001
OAX/BTC,1533591361241,2018-08-06T21:36:01.241Z,sell,3.295e-05,40.0,0.0013180000000000002
OAX/BTC,1533591362258,2018-08-06T21:36:02.258Z,sell,3.272e-05,142.0,0.004646239999999999
OAX/BTC,1533591362273,2018-08-06T21:36:02.273Z,buy,3.29e-05,68.0,0.0022372
OAX/BTC,1533591363017,2018-08-06T21:36:03.017Z,buy,3.294e-05,117.0,0.00385398
OAX/BTC,1533591403093,2018-08-06T21:36:43.093Z,buy,3.3e-05,53.0,0.0017490000000000001
OAX/BTC,1533591461989,2018-08-06T21:37:41.989Z,buy,3.3e-05,1.0,3.3e-05
OAX/BTC,1533591484071,2018-08-06T21:38:04.071Z,buy,3.295e-05,96.0,0.0031632
OAX/BTC,1533591538889,2018-08-06T21:38:58.889Z,buy,3.3e-05,1.0,3.3e-05
OAX/BTC,1533592001126,2018-08-06T21:46:41.126Z,buy,3.3e-05,1.0,3.3e-05
OAX/BTC,1533592025087,2018-08-06T21:47:05.087Z,buy,3.3e-05,486.0,0.016038
OAX/BTC,1533592071297,2018-08-06T21:47:51.297Z,buy,3.3e-05,188.0,0.006204
OAX/BTC,1533592106292,2018-08-06T21:48:26.292Z,buy,3.311e-05,31.0,0.00102641
OAX/BTC,1533592106292,2018-08-06T21:48:26.292Z,buy,3.311e-05,31.0,0.00102641
OAX/BTC,1533593294089,2018-08-06T22:08:14.089Z,buy,3.311e-05,65.0,0.00215215
OAX/BTC,1533593980318,2018-08-06T22:19:40.318Z,sell,3.296e-05,50.0,0.0016480000000000002
OAX/BTC,1533593980318,2018-08-06T22:19:40.318Z,sell,3.294e-05,647.0,0.02131218
OAX/BTC,1533593980318,2018-08-06T22:19:40.318Z,sell,3.277e-05,305.0,0.00999485
OAX/BTC,1533593980318,2018-08-06T22:19:40.318Z,sell,3.27e-05,177.0,0.0057879
OAX/BTC,1533593980318,2018-08-06T22:19:40.318Z,sell,3.263e-05,137.0,0.00447031
OAX/BTC,1533593980318,2018-08-06T22:19:40.318Z,sell,3.262e-05,135.0,0.0044037
OAX/BTC,1533593980334,2018-08-06T22:19:40.334Z,buy,3.278e-05,32.0,0.00104896
OAX/BTC,1533593981825,2018-08-06T22:19:41.825Z,buy,3.29e-05,177.0,0.0058233
OAX/BTC,1533593984160,2018-08-06T22:19:44.160Z,buy,3.313e-05,186.0,0.006162180000000001
OAX/BTC,1533593984160,2018-08-06T22:19:44.160Z,buy,3.319e-05,115.0,0.00381685
OAX/BTC,1533595292019,2018-08-06T22:41:32.019Z,buy,3.303e-05,60.0,0.0019818
OAX/BTC,1533595292019,2018-08-06T22:41:32.019Z,buy,3.303e-05,60.0,0.0019818
OAX/BTC,1533595975177,2018-08-06T22:52:55.177Z,buy,3.303e-05,16.0,0.00052848
OAX/BTC,1533596604403,2018-08-06T23:03:24.403Z,buy,3.299e-05,5.0,0.00016495
OAX/BTC,1533596678068,2018-08-06T23:04:38.068Z,buy,3.299e-05,108.0,0.0035629200000000002
OAX/BTC,1533596868537,2018-08-06T23:07:48.537Z,buy,3.298e-05,303.0,0.00999294
OAX/BTC,1533597363261,2018-08-06T23:16:03.261Z,buy,3.299e-05,109.0,0.00359591
OAX/BTC,1533598137724,2018-08-06T23:28:57.724Z,sell,3.285e-05,7.0,0.00022994999999999998
OAX/BTC,1533598206587,2018-08-06T23:30:06.587Z,sell,3.29e-05,65.0,0.0021385
OAX/BTC,1533598429002,2018-08-06T23:33:49.002Z,sell,3.312e-05,79.0,0.00261648
OAX/BTC,1533598541077,2018-08-06T23:35:41.077Z,sell,3.312e-05,83.0,0.00274896
OAX/BTC,1533598541077,2018-08-06T23:35:41.077Z,sell,3.312e-05,83.0,0.00274896
OAX/BTC,1533600103976,2018-08-07T00:01:43.976Z,buy,3.315e-05,301.0,0.00997815
OAX/BTC,1533600945689,2018-08-07T00:15:45.689Z,buy,3.316e-05,38.0,0.00126008
OAX/BTC,1533600945689,2018-08-07T00:15:45.689Z,buy,3.316e-05,38.0,0.00126008
OAX/BTC,1533602719487,2018-08-07T00:45:19.487Z,sell,3.29e-05,91.0,0.0029939
OAX/BTC,1533602720008,2018-08-07T00:45:20.008Z,buy,3.29e-05,228.0,0.0075012
OAX/BTC,1533603451124,2018-08-07T00:57:31.124Z,buy,3.313e-05,292.0,0.00967396
OAX/BTC,1533603860787,2018-08-07T01:04:20.787Z,sell,3.291e-05,37.0,0.0012176700000000001
OAX/BTC,1533603863548,2018-08-07T01:04:23.548Z,sell,3.289e-05,137.0,0.00450593
OAX/BTC,1533604010777,2018-08-07T01:06:50.777Z,buy,3.289e-05,76.0,0.00249964
OAX/BTC,1533604010777,2018-08-07T01:06:50.777Z,buy,3.289e-05,76.0,0.00249964
OAX/BTC,1533604608436,2018-08-07T01:16:48.436Z,sell,3.279e-05,412.0,0.01350948
OAX/BTC,1533604691795,2018-08-07T01:18:11.795Z,buy,3.279e-05,40.0,0.0013116
OAX/BTC,1533605759853,2018-08-07T01:35:59.853Z,sell,3.298e-05,91.0,0.00300118
OAX/BTC,1533605864542,2018-08-07T01:37:44.542Z,sell,3.298e-05,123.0,0.00405654
OAX/BTC,1533607180683,2018-08-07T01:59:40.683Z,sell,3.291e-05,39.0,0.00128349
OAX/BTC,1533607220414,2018-08-07T02:00:20.414Z,sell,3.291e-05,37.0,0.0012176700000000001
OAX/BTC,1533607220414,2018-08-07T02:00:20.414Z,sell,3.291e-05,37.0,0.0012176700000000001
OAX/BTC,1533608119206,2018-08-07T02:15:19.206Z,sell,3.291e-05,334.0,0.01099194
OAX/BTC,1533608355234,2018-08-07T02:19:15.234Z,sell,3.267e-05,348.0,0.01136916
OAX/BTC,1533608459258,2018-08-07T02:20:59.258Z,sell,3.269e-05,253.0,0.00827057
OAX/BTC,1533608459276,2018-08-07T02:20:59.276Z,buy,3.267e-05,585.0,0.01911195
OAX/BTC,1533608459308,2018-08-07T02:20:59.308Z,buy,3.267e-05,313.0,0.010225709999999999
OAX/BTC,1533608460459,2018-08-07T02:21:00.459Z,buy,3.267e-05,1230.0,0.04018409999999999
OAX/BTC,1533608506779,2018-08-07T02:21:46.779Z,buy,3.295e-05,31.0,0.0010214500000000001
OAX/BTC,1533608506799,2018-08-07T02:21:46.799Z,sell,3.295e-05,67.0,0.0022076500000000002
OAX/BTC,1533608981214,2018-08-07T02:29:41.214Z,sell,3.274e-05,16.0,0.00052384
OAX/BTC,1533609308050,2018-08-07T02:35:08.050Z,sell,3.275e-05,70.0,0.0022925000000000003
OAX/BTC,1533609308050,2018-08-07T02:35:08.050Z,sell,3.275e-05,70.0,0.0022925000000000003
OAX/BTC,1533611440366,2018-08-07T03:10:40.366Z,sell,3.275e-05,3.0,9.825e-05
OAX/BTC,1533611519627,2018-08-07T03:11:59.627Z,buy,3.289e-05,70.0,0.0023022999999999997
OAX/BTC,1533611519627,2018-08-07T03:11:59.627Z,buy,3.29e-05,35.0,0.0011515
OAX/BTC,1533611519627,2018-08-07T03:11:59.627Z,buy,3.289e-05,70.0,0.0023022999999999997
OAX/BTC,1533611519627,2018-08-07T03:11:59.627Z,buy,3.29e-05,35.0,0.0011515
OAX/BTC,1533613988076,2018-08-07T03:53:08.076Z,sell,3.279e-05,129.0,0.004229910000000001
OAX/BTC,1533614220265,2018-08-07T03:57:00.265Z,sell,3.278e-05,110.0,0.0036058
OAX/BTC,1533614606774,2018-08-07T04:03:26.774Z,buy,3.295e-05,3.0,9.885e-05
OAX/BTC,1533614997039,2018-08-07T04:09:57.039Z,sell,3.275e-05,26.0,0.0008515
OAX/BTC,1533614997039,2018-08-07T04:09:57.039Z,sell,3.275e-05,26.0,0.0008515
OAX/BTC,1533616335325,2018-08-07T04:32:15.325Z,sell,3.275e-05,489.0,0.01601475
OAX/BTC,1533616614289,2018-08-07T04:36:54.289Z,buy,3.297e-05,1.0,3.297e-05
OAX/BTC,1533616614289,2018-08-07T04:36:54.289Z,buy,3.297e-05,1.0,3.297e-05
OAX/BTC,1533618974796,2018-08-07T05:16:14.796Z,sell,3.277e-05,766.0,0.02510182
OAX/BTC,1533618974796,2018-08-07T05:16:14.796Z,sell,3.275e-05,332.0,0.010873
OAX/BTC,1533620024316,2018-08-07T05:33:44.316Z,sell,3.275e-05,44.0,0.0014410000000000002
OAX/BTC,1533620197749,2018-08-07T05:36:37.749Z,buy,3.299e-05,31.0,0.00102269
OAX/BTC,1533620197749,2018-08-07T05:36:37.749Z,buy,3.299e-05,31.0,0.00102269
OAX/BTC,1533620341828,2018-08-07T05:39:01.828Z,sell,3.3e-05,212.0,0.0069960000000000005
OAX/BTC,1533620404046,2018-08-07T05:40:04.046Z,sell,3.3e-05,38.0,0.0012540000000000001
OAX/BTC,1533620721329,2018-08-07T05:45:21.329Z,sell,3.316e-05,52.0,0.00172432
OAX/BTC,1533621949836,2018-08-07T06:05:49.836Z,sell,3.302e-05,214.0,0.0070662799999999994
OAX/BTC,1533622365176,2018-08-07T06:12:45.176Z,sell,3.303e-05,91.0,0.00300573
OAX/BTC,1533622901268,2018-08-07T06:21:41.268Z,sell,3.302e-05,88.0,0.00290576
OAX/BTC,1533623033367,2018-08-07T06:23:53.367Z,sell,3.299e-05,11.0,0.00036289
OAX/BTC,1533623033367,2018-08-07T06:23:53.367Z,sell,3.286e-05,80.0,0.0026288
OAX/BTC,1533623033367,2018-08-07T06:23:53.367Z,sell,3.299e-05,11.0,0.00036289
OAX/BTC,1533623033367,2018-08-07T06:23:53.367Z,sell,3.286e-05,80.0,0.0026288
OAX/BTC,1533624999398,2018-08-07T06:56:39.398Z,sell,3.276e-05,583.0,0.019099079999999997
OAX/BTC,1533624999398,2018-08-07T06:56:39.398Z,sell,3.275e-05,532.0,0.017423
OAX/BTC,1533625011219,2018-08-07T06:56:51.219Z,sell,3.275e-05,583.0,0.019093250000000003
OAX/BTC,1533625108569,2018-08-07T06:58:28.569Z,sell,3.265e-05,393.0,0.01283145
OAX/BTC,1533625108569,2018-08-07T06:58:28.569Z,sell,3.264e-05,3613.0,0.11792832
OAX/BTC,1533625112347,2018-08-07T06:58:32.347Z,sell,3.264e-05,393.0,0.01282752
OAX/BTC,1533625112641,2018-08-07T06:58:32.641Z,sell,3.262e-05,98.0,0.0031967600000000003
OAX/BTC,1533625247667,2018-08-07T07:00:47.667Z,sell,3.262e-05,380.0,0.012395600000000001
OAX/BTC,1533625594069,2018-08-07T07:06:34.069Z,sell,3.26e-05,306.0,0.0099756
OAX/BTC,1533625598482,2018-08-07T07:06:38.482Z,sell,3.257e-05,81.0,0.00263817
OAX/BTC,1533625637279,2018-08-07T07:07:17.279Z,sell,3.257e-05,276.0,0.00898932
OAX/BTC,1533625637279,2018-08-07T07:07:17.279Z,sell,3.251e-05,1327.0,0.043140769999999995
OAX/BTC,1533625637279,2018-08-07T07:07:17.279Z,sell,3.25e-05,150.0,0.004875
OAX/BTC,1533625637292,2018-08-07T07:07:17.292Z,buy,3.25e-05,68.0,0.0022099999999999997
OAX/BTC,1533625640113,2018-08-07T07:07:20.113Z,buy,3.247e-05,96.0,0.00311712
OAX/BTC,1533625648069,2018-08-07T07:07:28.069Z,buy,3.248e-05,393.0,0.01276464
OAX/BTC,1533625659752,2018-08-07T07:07:39.752Z,buy,3.249e-05,50.0,0.0016245
OAX/BTC,1533625682238,2018-08-07T07:08:02.238Z,buy,3.248e-05,80.0,0.0025984
OAX/BTC,1533625708330,2018-08-07T07:08:28.330Z,buy,3.249e-05,533.0,0.01731717
OAX/BTC,1533625725416,2018-08-07T07:08:45.416Z,sell,3.277e-05,151.0,0.00494827
OAX/BTC,1533625731344,2018-08-07T07:08:51.344Z,sell,3.275e-05,173.0,0.005665750000000001
OAX/BTC,1533625736463,2018-08-07T07:08:56.463Z,sell,3.268e-05,536.0,0.01751648
OAX/BTC,1533625888444,2018-08-07T07:11:28.444Z,sell,3.248e-05,50.0,0.001624
OAX/BTC,1533626282057,2018-08-07T07:18:02.057Z,sell,3.26e-05,16.0,0.0005216
OAX/BTC,1533626282057,2018-08-07T07:18:02.057Z,sell,3.26e-05,16.0,0.0005216
OAX/BTC,1533626714990,2018-08-07T07:25:14.990Z,buy,3.273e-05,1.0,3.273e-05
OAX/BTC,1533626783492,2018-08-07T07:26:23.492Z,buy,3.273e-05,237.0,0.00775701
OAX/BTC,1533626965568,2018-08-07T07:29:25.568Z,sell,3.272e-05,198.0,0.0064785599999999995
OAX/BTC,1533627006341,2018-08-07T07:30:06.341Z,sell,3.272e-05,31.0,0.00101432
OAX/BTC,1533627178675,2018-08-07T07:32:58.675Z,sell,3.242e-05,13.0,0.00042145999999999997
OAX/BTC,1533627197692,2018-08-07T07:33:17.692Z,buy,3.269e-05,39.0,0.00127491
OAX/BTC,1533627374849,2018-08-07T07:36:14.849Z,buy,3.269e-05,94.0,0.00307286
OAX/BTC,1533627443776,2018-08-07T07:37:23.776Z,buy,3.269e-05,4.0,0.00013076
OAX/BTC,1533627536696,2018-08-07T07:38:56.696Z,buy,3.269e-05,1.0,3.269e-05
OAX/BTC,1533627851412,2018-08-07T07:44:11.412Z,sell,3.24e-05,59.0,0.0019116
OAX/BTC,1533627979410,2018-08-07T07:46:19.410Z,buy,3.271e-05,4.0,0.00013084
OAX/BTC,1533628017839,2018-08-07T07:46:57.839Z,sell,3.241e-05,59.0,0.0019121900000000002
OAX/BTC,1533628049840,2018-08-07T07:47:29.840Z,sell,3.24e-05,114.0,0.0036936
OAX/BTC,1533628049840,2018-08-07T07:47:29.840Z,sell,3.209e-05,612.0,0.01963908
OAX/BTC,1533628049854,2018-08-07T07:47:29.854Z,buy,3.226e-05,431.0,0.01390406
OAX/BTC,1533628049870,2018-08-07T07:47:29.870Z,buy,3.226e-05,2073.0,0.06687498
OAX/BTC,1533628056917,2018-08-07T07:47:36.917Z,buy,3.256e-05,212.0,0.00690272
OAX/BTC,1533628068459,2018-08-07T07:47:48.459Z,buy,3.247e-05,85.0,0.0027599499999999997
OAX/BTC,1533628092295,2018-08-07T07:48:12.295Z,sell,3.23e-05,66.0,0.0021318
OAX/BTC,1533628156482,2018-08-07T07:49:16.482Z,sell,3.23e-05,86.0,0.0027778
OAX/BTC,1533628303074,2018-08-07T07:51:43.074Z,buy,3.249e-05,59.0,0.0019169100000000002
OAX/BTC,1533628533588,2018-08-07T07:55:33.588Z,buy,3.259e-05,64.0,0.00208576
OAX/BTC,1533628549049,2018-08-07T07:55:49.049Z,sell,3.26e-05,320.0,0.010432
OAX/BTC,1533628605646,2018-08-07T07:56:45.646Z,sell,3.245e-05,13.0,0.00042185000000000004
OAX/BTC,1533628802766,2018-08-07T08:00:02.766Z,buy,3.267e-05,6.0,0.00019601999999999998
OAX/BTC,1533629051396,2018-08-07T08:04:11.396Z,buy,3.265e-05,306.0,0.0099909
OAX/BTC,1533629271364,2018-08-07T08:07:51.364Z,buy,3.261e-05,181.0,0.00590241
OAX/BTC,1533629271364,2018-08-07T08:07:51.364Z,buy,3.262e-05,1067.0,0.03480554
OAX/BTC,1533629271364,2018-08-07T08:07:51.364Z,buy,3.265e-05,114.0,0.0037221
OAX/BTC,1533629271364,2018-08-07T08:07:51.364Z,buy,3.274e-05,50.0,0.001637
OAX/BTC,1533629271364,2018-08-07T08:07:51.364Z,buy,3.275e-05,103.0,0.0033732500000000004
OAX/BTC,1533629334053,2018-08-07T08:08:54.053Z,buy,3.275e-05,439.0,0.014377250000000001
OAX/BTC,1533629334903,2018-08-07T08:08:54.903Z,buy,3.279e-05,135.0,0.004426650000000001
OAX/BTC,1533629346574,2018-08-07T08:09:06.574Z,sell,3.275e-05,212.0,0.006943
OAX/BTC,1533629367572,2018-08-07T08:09:27.572Z,sell,3.277e-05,300.0,0.009831
OAX/BTC,1533629368226,2018-08-07T08:09:28.226Z,buy,3.281e-05,304.0,0.00997424
OAX/BTC,1533629416882,2018-08-07T08:10:16.882Z,sell,3.278e-05,50.0,0.001639
OAX/BTC,1533629556015,2018-08-07T08:12:36.015Z,buy,3.281e-05,76.0,0.00249356
OAX/BTC,1533629566463,2018-08-07T08:12:46.463Z,buy,3.281e-05,56.0,0.00183736
OAX/BTC,1533629588147,2018-08-07T08:13:08.147Z,buy,3.281e-05,332.0,0.01089292
OAX/BTC,1533629592919,2018-08-07T08:13:12.919Z,buy,3.285e-05,173.0,0.005683049999999999
OAX/BTC,1533629719515,2018-08-07T08:15:19.515Z,buy,3.307e-05,54.0,0.00178578
OAX/BTC,1533629719515,2018-08-07T08:15:19.515Z,buy,3.311e-05,125.0,0.00413875
OAX/BTC,1533629719515,2018-08-07T08:15:19.515Z,buy,3.315e-05,797.0,0.02642055
OAX/BTC,1533629759164,2018-08-07T08:15:59.164Z,buy,3.315e-05,718.0,0.0238017
OAX/BTC,1533629759164,2018-08-07T08:15:59.164Z,buy,3.346e-05,823.0,0.027537580000000002
OAX/BTC,1533629759164,2018-08-07T08:15:59.164Z,buy,3.358e-05,224.0,0.00752192
OAX/BTC,1533629759164,2018-08-07T08:15:59.164Z,buy,3.376e-05,72.0,0.00243072
OAX/BTC,1533629759164,2018-08-07T08:15:59.164Z,buy,3.398e-05,308.0,0.01046584
OAX/BTC,1533629759164,2018-08-07T08:15:59.164Z,buy,3.4e-05,7666.0,0.260644
OAX/BTC,1533629759164,2018-08-07T08:15:59.164Z,buy,3.416e-05,2556.0,0.08731296
OAX/BTC,1533629759180,2018-08-07T08:15:59.180Z,sell,3.416e-05,2245.0,0.0766892
OAX/BTC,1533629759199,2018-08-07T08:15:59.199Z,sell,3.416e-05,114.0,0.0038942399999999998
OAX/BTC,1533629762251,2018-08-07T08:16:02.251Z,buy,3.415e-05,29.0,0.00099035
OAX/BTC,1533629763456,2018-08-07T08:16:03.456Z,sell,3.351e-05,214.0,0.00717114
OAX/BTC,1533629766723,2018-08-07T08:16:06.723Z,buy,3.414e-05,30.0,0.0010242
OAX/BTC,1533629766723,2018-08-07T08:16:06.723Z,buy,3.415e-05,74.0,0.0025271000000000004
OAX/BTC,1533629767196,2018-08-07T08:16:07.196Z,sell,3.362e-05,126.0,0.00423612
OAX/BTC,1533629767216,2018-08-07T08:16:07.216Z,sell,3.352e-05,101.0,0.00338552
OAX/BTC,1533629793406,2018-08-07T08:16:33.406Z,sell,3.352e-05,162.0,0.005430239999999999
OAX/BTC,1533629798758,2018-08-07T08:16:38.758Z,sell,3.352e-05,35.0,0.0011732
OAX/BTC,1533629800145,2018-08-07T08:16:40.145Z,sell,3.351e-05,12.0,0.00040212000000000006
OAX/BTC,1533629801020,2018-08-07T08:16:41.020Z,sell,3.351e-05,12.0,0.00040212000000000006
OAX/BTC,1533629810153,2018-08-07T08:16:50.153Z,buy,3.352e-05,40.0,0.0013407999999999998
OAX/BTC,1533629815563,2018-08-07T08:16:55.563Z,buy,3.355e-05,101.0,0.00338855
OAX/BTC,1533629822757,2018-08-07T08:17:02.757Z,buy,3.355e-05,140.0,0.004697000000000001
OAX/BTC,1533629825690,2018-08-07T08:17:05.690Z,buy,3.385e-05,30.0,0.0010155000000000001
OAX/BTC,1533629825700,2018-08-07T08:17:05.700Z,sell,3.386e-05,105.0,0.0035553
OAX/BTC,1533629831795,2018-08-07T08:17:11.795Z,buy,3.382e-05,165.0,0.0055803
OAX/BTC,1533629831795,2018-08-07T08:17:11.795Z,buy,3.383e-05,36.0,0.00121788
OAX/BTC,1533629835741,2018-08-07T08:17:15.741Z,sell,3.355e-05,31.0,0.00104005
OAX/BTC,1533629864139,2018-08-07T08:17:44.139Z,buy,3.366e-05,76.0,0.00255816
OAX/BTC,1533629864204,2018-08-07T08:17:44.204Z,sell,3.366e-05,250.0,0.008415
OAX/BTC,1533629865156,2018-08-07T08:17:45.156Z,buy,3.365e-05,1.0,3.365e-05
OAX/BTC,1533629865430,2018-08-07T08:17:45.430Z,sell,3.365e-05,316.0,0.0106334
OAX/BTC,1533629872028,2018-08-07T08:17:52.028Z,buy,3.386e-05,30.0,0.0010157999999999999
OAX/BTC,1533629872919,2018-08-07T08:17:52.919Z,sell,3.386e-05,1712.0,0.05796832
OAX/BTC,1533629872919,2018-08-07T08:17:52.919Z,sell,3.386e-05,1712.0,0.05796832
OAX/BTC,1533629885094,2018-08-07T08:18:05.094Z,buy,3.368e-05,104.0,0.0035027200000000004
OAX/BTC,1533629885872,2018-08-07T08:18:05.872Z,sell,3.368e-05,133.0,0.00447944
OAX/BTC,1533629888940,2018-08-07T08:18:08.940Z,buy,3.368e-05,15.0,0.0005052
OAX/BTC,1533629891660,2018-08-07T08:18:11.660Z,buy,3.387e-05,187.0,0.0063336899999999995
OAX/BTC,1533629892121,2018-08-07T08:18:12.121Z,sell,3.368e-05,15.0,0.0005052
OAX/BTC,1533629892121,2018-08-07T08:18:12.121Z,sell,3.366e-05,469.0,0.015786539999999998
OAX/BTC,1533629914882,2018-08-07T08:18:34.882Z,buy,3.365e-05,39.0,0.0013123499999999999
OAX/BTC,1533629914882,2018-08-07T08:18:34.882Z,buy,3.366e-05,416.0,0.01400256
OAX/BTC,1533629915380,2018-08-07T08:18:35.380Z,buy,3.376e-05,96.0,0.00324096
OAX/BTC,1533629925863,2018-08-07T08:18:45.863Z,sell,3.378e-05,30.0,0.0010134
OAX/BTC,1533629925863,2018-08-07T08:18:45.863Z,sell,3.377e-05,5.0,0.00016884999999999998
OAX/BTC,1533629927708,2018-08-07T08:18:47.708Z,sell,3.378e-05,3.0,0.00010134
OAX/BTC,1533629933237,2018-08-07T08:18:53.237Z,buy,3.389e-05,126.0,0.00427014
OAX/BTC,1533629940586,2018-08-07T08:19:00.586Z,buy,3.392e-05,101.0,0.00342592
OAX/BTC,1533629942848,2018-08-07T08:19:02.848Z,sell,3.399e-05,35.0,0.00118965
OAX/BTC,1533629943385,2018-08-07T08:19:03.385Z,sell,3.39e-05,226.0,0.0076614
OAX/BTC,1533629944424,2018-08-07T08:19:04.424Z,buy,3.39e-05,100.0,0.00339
OAX/BTC,1533629944424,2018-08-07T08:19:04.424Z,buy,3.413e-05,794.0,0.02709922
OAX/BTC,1533629946183,2018-08-07T08:19:06.183Z,sell,3.413e-05,6595.0,0.22508735
OAX/BTC,1533629951971,2018-08-07T08:19:11.971Z,sell,3.413e-05,889.0,0.03034157
OAX/BTC,1533629952993,2018-08-07T08:19:12.993Z,sell,3.413e-05,3.0,0.00010239
OAX/BTC,1533629953017,2018-08-07T08:19:13.017Z,sell,3.413e-05,31.0,0.00105803
OAX/BTC,1533629966689,2018-08-07T08:19:26.689Z,sell,3.413e-05,31.0,0.00105803
OAX/BTC,1533629968183,2018-08-07T08:19:28.183Z,sell,3.413e-05,476.0,0.01624588
OAX/BTC,1533629971267,2018-08-07T08:19:31.267Z,buy,3.416e-05,492.0,0.01680672
OAX/BTC,1533630000254,2018-08-07T08:20:00.254Z,buy,3.416e-05,1040.0,0.0355264
OAX/BTC,1533630001870,2018-08-07T08:20:01.870Z,buy,3.416e-05,347.0,0.01185352
OAX/BTC,1533630003442,2018-08-07T08:20:03.442Z,sell,3.414e-05,31.0,0.00105834
OAX/BTC,1533630004896,2018-08-07T08:20:04.896Z,buy,3.416e-05,73.0,0.00249368
OAX/BTC,1533630035909,2018-08-07T08:20:35.909Z,sell,3.414e-05,136.0,0.00464304
OAX/BTC,1533630045797,2018-08-07T08:20:45.797Z,sell,3.414e-05,3.0,0.00010242000000000001
OAX/BTC,1533630056009,2018-08-07T08:20:56.009Z,buy,3.416e-05,58.0,0.0019812799999999998
OAX/BTC,1533630063184,2018-08-07T08:21:03.184Z,buy,3.416e-05,7.0,0.00023912
OAX/BTC,1533630075485,2018-08-07T08:21:15.485Z,buy,3.429e-05,75.0,0.00257175
OAX/BTC,1533630091788,2018-08-07T08:21:31.788Z,buy,3.429e-05,226.0,0.00774954
OAX/BTC,1533630091788,2018-08-07T08:21:31.788Z,buy,3.434e-05,97.0,0.00333098
OAX/BTC,1533630091788,2018-08-07T08:21:31.788Z,buy,3.449e-05,104.0,0.0035869599999999997
OAX/BTC,1533630091788,2018-08-07T08:21:31.788Z,buy,3.463e-05,302.0,0.01045826
OAX/BTC,1533630091788,2018-08-07T08:21:31.788Z,buy,3.468e-05,300.0,0.010404
OAX/BTC,1533630091788,2018-08-07T08:21:31.788Z,buy,3.47e-05,49.0,0.0017003
OAX/BTC,1533630091788,2018-08-07T08:21:31.788Z,buy,3.49e-05,58.0,0.0020242
OAX/BTC,1533630091788,2018-08-07T08:21:31.788Z,buy,3.495e-05,40.0,0.0013980000000000002
OAX/BTC,1533630091788,2018-08-07T08:21:31.788Z,buy,3.498e-05,596.0,0.02084808
OAX/BTC,1533630091788,2018-08-07T08:21:31.788Z,buy,3.499e-05,1086.0,0.03799914
OAX/BTC,1533630093338,2018-08-07T08:21:33.338Z,sell,3.417e-05,2.0,6.834e-05
OAX/BTC,1533630104393,2018-08-07T08:21:44.393Z,sell,3.451e-05,73.0,0.00251923
OAX/BTC,1533630109616,2018-08-07T08:21:49.616Z,sell,3.441e-05,124.0,0.00426684
OAX/BTC,1533630112732,2018-08-07T08:21:52.732Z,sell,3.43e-05,153.0,0.0052479
OAX/BTC,1533630112732,2018-08-07T08:21:52.732Z,sell,3.417e-05,92.0,0.00314364
OAX/BTC,1533630114170,2018-08-07T08:21:54.170Z,sell,3.416e-05,36.0,0.0012297599999999999
OAX/BTC,1533630114312,2018-08-07T08:21:54.312Z,sell,3.416e-05,239.0,0.00816424
OAX/BTC,1533630114312,2018-08-07T08:21:54.312Z,sell,3.414e-05,1435.0,0.048990900000000004
OAX/BTC,1533630114720,2018-08-07T08:21:54.720Z,sell,3.415e-05,76.0,0.0025954000000000003
OAX/BTC,1533630114720,2018-08-07T08:21:54.720Z,sell,3.414e-05,20.0,0.0006828
OAX/BTC,1533630117217,2018-08-07T08:21:57.217Z,buy,3.439e-05,169.0,0.00581191
OAX/BTC,1533630117217,2018-08-07T08:21:57.217Z,buy,3.441e-05,587.0,0.02019867
OAX/BTC,1533630117217,2018-08-07T08:21:57.217Z,buy,3.469e-05,124.0,0.00430156
OAX/BTC,1533630117217,2018-08-07T08:21:57.217Z,buy,3.472e-05,73.0,0.00253456
OAX/BTC,1533630117217,2018-08-07T08:21:57.217Z,buy,3.498e-05,300.0,0.010494
OAX/BTC,1533630117217,2018-08-07T08:21:57.217Z,buy,3.499e-05,904.0,0.03163096
OAX/BTC,1533630117217,2018-08-07T08:21:57.217Z,buy,3.5e-05,4637.0,0.162295
OAX/BTC,1533630127139,2018-08-07T08:22:07.139Z,sell,3.422e-05,75.0,0.0025665
OAX/BTC,1533630127248,2018-08-07T08:22:07.248Z,buy,3.497e-05,30.0,0.0010490999999999999
OAX/BTC,1533630127248,2018-08-07T08:22:07.248Z,buy,3.498e-05,30.0,0.0010494
OAX/BTC,1533630127248,2018-08-07T08:22:07.248Z,buy,3.499e-05,368.0,0.01287632
OAX/BTC,1533630127715,2018-08-07T08:22:07.715Z,sell,3.498e-05,101.0,0.0035329800000000002
OAX/BTC,1533630131040,2018-08-07T08:22:11.040Z,buy,3.498e-05,75.0,0.0026235
OAX/BTC,1533630131040,2018-08-07T08:22:11.040Z,buy,3.499e-05,3.0,0.00010497
OAX/BTC,1533630132244,2018-08-07T08:22:12.244Z,sell,3.439e-05,10.0,0.0003439
OAX/BTC,1533630135413,2018-08-07T08:22:15.413Z,buy,3.497e-05,29.0,0.00101413
OAX/BTC,1533630135891,2018-08-07T08:22:15.891Z,buy,3.497e-05,9.0,0.00031473
OAX/BTC,1533630135891,2018-08-07T08:22:15.891Z,buy,3.499e-05,30.0,0.0010497
OAX/BTC,1533630135891,2018-08-07T08:22:15.891Z,buy,3.5e-05,1957.0,0.068495
OAX/BTC,1533630135905,2018-08-07T08:22:15.905Z,sell,3.5e-05,34.0,0.0011899999999999999
OAX/BTC,1533630135939,2018-08-07T08:22:15.939Z,sell,3.5e-05,56.0,0.00196
OAX/BTC,1533630135945,2018-08-07T08:22:15.945Z,sell,3.5e-05,37.0,0.001295
OAX/BTC,1533630135970,2018-08-07T08:22:15.970Z,sell,3.5e-05,47.0,0.0016449999999999998
OAX/BTC,1533630137745,2018-08-07T08:22:17.745Z,sell,3.5e-05,476.0,0.016659999999999998
OAX/BTC,1533630138123,2018-08-07T08:22:18.123Z,sell,3.5e-05,317.0,0.011094999999999999
OAX/BTC,1533630142308,2018-08-07T08:22:22.308Z,sell,3.5e-05,74.0,0.00259
OAX/BTC,1533630142419,2018-08-07T08:22:22.419Z,sell,3.5e-05,96.0,0.0033599999999999997
OAX/BTC,1533630146083,2018-08-07T08:22:26.083Z,sell,3.5e-05,74.0,0.00259
OAX/BTC,1533630146668,2018-08-07T08:22:26.668Z,sell,3.5e-05,181.0,0.0063349999999999995
OAX/BTC,1533630146817,2018-08-07T08:22:26.817Z,sell,3.452e-05,162.0,0.00559224
OAX/BTC,1533630146817,2018-08-07T08:22:26.817Z,sell,3.441e-05,30.0,0.0010322999999999999
OAX/BTC,1533630146817,2018-08-07T08:22:26.817Z,sell,3.44e-05,20.0,0.000688
OAX/BTC,1533630147236,2018-08-07T08:22:27.236Z,sell,3.44e-05,53.0,0.0018232
OAX/BTC,1533630147236,2018-08-07T08:22:27.236Z,sell,3.439e-05,21.0,0.00072219
OAX/BTC,1533630165357,2018-08-07T08:22:45.357Z,buy,3.467e-05,31.0,0.0010747699999999998
OAX/BTC,1533630165357,2018-08-07T08:22:45.357Z,buy,3.473e-05,162.0,0.00562626
OAX/BTC,1533630165357,2018-08-07T08:22:45.357Z,buy,3.5e-05,338.0,0.011829999999999999
OAX/BTC,1533630165357,2018-08-07T08:22:45.357Z,buy,3.501e-05,719.0,0.02517219
OAX/BTC,1533630165486,2018-08-07T08:22:45.486Z,buy,3.501e-05,1384.0,0.04845384
OAX/BTC,1533630167797,2018-08-07T08:22:47.797Z,sell,3.469e-05,73.0,0.00253237
OAX/BTC,1533630172671,2018-08-07T08:22:52.671Z,buy,3.499e-05,73.0,0.00255427
OAX/BTC,1533630172671,2018-08-07T08:22:52.671Z,buy,3.5e-05,1110.0,0.038849999999999996
OAX/BTC,1533630174613,2018-08-07T08:22:54.613Z,sell,3.47e-05,74.0,0.0025678000000000003
OAX/BTC,1533630178091,2018-08-07T08:22:58.091Z,sell,3.471e-05,78.0,0.0027073799999999997
OAX/BTC,1533630178481,2018-08-07T08:22:58.481Z,sell,3.471e-05,39.0,0.0013536899999999998
OAX/BTC,1533630179110,2018-08-07T08:22:59.110Z,sell,3.471e-05,2.0,6.942e-05
OAX/BTC,1533630190653,2018-08-07T08:23:10.653Z,sell,3.472e-05,49.0,0.00170128
OAX/BTC,1533630203037,2018-08-07T08:23:23.037Z,sell,3.473e-05,30.0,0.0010419000000000001
OAX/BTC,1533630203037,2018-08-07T08:23:23.037Z,sell,3.472e-05,148.0,0.00513856
OAX/BTC,1533630208137,2018-08-07T08:23:28.137Z,buy,3.467e-05,47.0,0.00162949
OAX/BTC,1533630223877,2018-08-07T08:23:43.877Z,buy,3.464e-05,57.0,0.00197448
OAX/BTC,1533630224258,2018-08-07T08:23:44.258Z,sell,3.447e-05,59.0,0.00203373
OAX/BTC,1533630229945,2018-08-07T08:23:49.945Z,buy,3.464e-05,47.0,0.00162808
OAX/BTC,1533630232187,2018-08-07T08:23:52.187Z,sell,3.448e-05,30.0,0.0010344
OAX/BTC,1533630232187,2018-08-07T08:23:52.187Z,sell,3.447e-05,230.0,0.0079281
OAX/BTC,1533630232187,2018-08-07T08:23:52.187Z,sell,3.428e-05,44.0,0.0015083199999999998
OAX/BTC,1533630233947,2018-08-07T08:23:53.947Z,sell,3.428e-05,303.0,0.01038684
OAX/BTC,1533630234363,2018-08-07T08:23:54.363Z,sell,3.428e-05,297.0,0.01018116
OAX/BTC,1533630238343,2018-08-07T08:23:58.343Z,sell,3.427e-05,377.0,0.01291979
OAX/BTC,1533630246038,2018-08-07T08:24:06.038Z,sell,3.427e-05,306.0,0.01048662
OAX/BTC,1533630246548,2018-08-07T08:24:06.548Z,sell,3.427e-05,297.0,0.01017819
OAX/BTC,1533630246746,2018-08-07T08:24:06.746Z,sell,3.427e-05,20.0,0.0006854000000000001
OAX/BTC,1533630246746,2018-08-07T08:24:06.746Z,sell,3.425e-05,165.0,0.00565125
OAX/BTC,1533630246746,2018-08-07T08:24:06.746Z,sell,3.423e-05,116.0,0.003970680000000001
OAX/BTC,1533630247271,2018-08-07T08:24:07.271Z,sell,3.424e-05,37.0,0.00126688
OAX/BTC,1533630247271,2018-08-07T08:24:07.271Z,sell,3.423e-05,259.0,0.008865570000000001
OAX/BTC,1533630247420,2018-08-07T08:24:07.420Z,sell,3.423e-05,297.0,0.010166310000000001
OAX/BTC,1533630247482,2018-08-07T08:24:07.482Z,sell,3.423e-05,57.0,0.0019511100000000003
OAX/BTC,1533630247482,2018-08-07T08:24:07.482Z,sell,3.421e-05,164.0,0.0056104399999999995
OAX/BTC,1533630247482,2018-08-07T08:24:07.482Z,sell,3.414e-05,76.0,0.00259464
OAX/BTC,1533630248184,2018-08-07T08:24:08.184Z,sell,3.427e-05,30.0,0.0010281
OAX/BTC,1533630248184,2018-08-07T08:24:08.184Z,sell,3.414e-05,267.0,0.009115380000000001
OAX/BTC,1533630248607,2018-08-07T08:24:08.607Z,sell,3.414e-05,297.0,0.01013958
OAX/BTC,1533630249333,2018-08-07T08:24:09.333Z,sell,3.414e-05,297.0,0.01013958
OAX/BTC,1533630253414,2018-08-07T08:24:13.414Z,buy,3.44e-05,31.0,0.0010664000000000001
OAX/BTC,1533630253414,2018-08-07T08:24:13.414Z,buy,3.441e-05,52.0,0.0017893199999999998
OAX/BTC,1533630253414,2018-08-07T08:24:13.414Z,buy,3.442e-05,164.0,0.00564488
OAX/BTC,1533630254154,2018-08-07T08:24:14.154Z,sell,3.442e-05,30.0,0.0010326
OAX/BTC,1533630254217,2018-08-07T08:24:14.217Z,sell,3.442e-05,46.0,0.00158332
OAX/BTC,1533630254217,2018-08-07T08:24:14.217Z,sell,3.414e-05,458.0,0.01563612
OAX/BTC,1533630258165,2018-08-07T08:24:18.165Z,sell,3.415e-05,184.0,0.0062836
OAX/BTC,1533630258165,2018-08-07T08:24:18.165Z,sell,3.414e-05,114.0,0.0038919600000000003
OAX/BTC,1533630258561,2018-08-07T08:24:18.561Z,sell,3.414e-05,299.0,0.010207860000000001
OAX/BTC,1533630325653,2018-08-07T08:25:25.653Z,sell,3.424e-05,93.0,0.0031843199999999996
OAX/BTC,1533630359240,2018-08-07T08:25:59.240Z,buy,3.426e-05,77.0,0.00263802
OAX/BTC,1533630381782,2018-08-07T08:26:21.782Z,sell,3.424e-05,53.0,0.00181472
OAX/BTC,1533630403721,2018-08-07T08:26:43.721Z,buy,3.419e-05,77.0,0.0026326300000000004
OAX/BTC,1533630403721,2018-08-07T08:26:43.721Z,buy,3.42e-05,422.0,0.0144324
OAX/BTC,1533630417308,2018-08-07T08:26:57.308Z,buy,3.442e-05,640.0,0.0220288
OAX/BTC,1533630417308,2018-08-07T08:26:57.308Z,buy,3.443e-05,407.0,0.014013010000000001
OAX/BTC,1533630417308,2018-08-07T08:26:57.308Z,buy,3.456e-05,250.0,0.00864
OAX/BTC,1533630425811,2018-08-07T08:27:05.811Z,sell,3.424e-05,873.0,0.029891519999999998
OAX/BTC,1533630427272,2018-08-07T08:27:07.272Z,buy,3.424e-05,55.0,0.0018831999999999998
OAX/BTC,1533630440198,2018-08-07T08:27:20.198Z,sell,3.416e-05,139.0,0.00474824
OAX/BTC,1533630440198,2018-08-07T08:27:20.198Z,sell,3.415e-05,1245.0,0.042516750000000006
OAX/BTC,1533630441169,2018-08-07T08:27:21.169Z,buy,3.424e-05,393.0,0.013456319999999999
OAX/BTC,1533630466189,2018-08-07T08:27:46.189Z,buy,3.424e-05,30.0,0.0010271999999999998
OAX/BTC,1533630467758,2018-08-07T08:27:47.758Z,buy,3.424e-05,389.0,0.013319359999999999
OAX/BTC,1533630467758,2018-08-07T08:27:47.758Z,buy,3.453e-05,479.0,0.01653987
OAX/BTC,1533630478208,2018-08-07T08:27:58.208Z,buy,3.457e-05,289.0,0.009990730000000001
OAX/BTC,1533630478208,2018-08-07T08:27:58.208Z,buy,3.458e-05,55.0,0.0019018999999999998
OAX/BTC,1533630478208,2018-08-07T08:27:58.208Z,buy,3.48e-05,165.0,0.005742
OAX/BTC,1533630478208,2018-08-07T08:27:58.208Z,buy,3.496e-05,512.0,0.01789952
OAX/BTC,1533630478208,2018-08-07T08:27:58.208Z,buy,3.497e-05,662.0,0.02315014
OAX/BTC,1533630478208,2018-08-07T08:27:58.208Z,buy,3.5e-05,1815.0,0.063525
OAX/BTC,1533630478226,2018-08-07T08:27:58.226Z,sell,3.5e-05,140.0,0.0049
OAX/BTC,1533630479535,2018-08-07T08:27:59.535Z,sell,3.5e-05,30.0,0.00105
OAX/BTC,1533630481220,2018-08-07T08:28:01.220Z,sell,3.5e-05,232.0,0.008119999999999999
OAX/BTC,1533630482660,2018-08-07T08:28:02.660Z,buy,3.501e-05,71.0,0.00248571
OAX/BTC,1533630484724,2018-08-07T08:28:04.724Z,buy,3.501e-05,71.0,0.00248571
OAX/BTC,1533630486150,2018-08-07T08:28:06.150Z,buy,3.501e-05,57.0,0.00199557
OAX/BTC,1533630494752,2018-08-07T08:28:14.752Z,sell,3.5e-05,322.0,0.011269999999999999
OAX/BTC,1533630506489,2018-08-07T08:28:26.489Z,sell,3.5e-05,268.0,0.00938
OAX/BTC,1533630513768,2018-08-07T08:28:33.768Z,buy,3.501e-05,125.0,0.00437625
OAX/BTC,1533630527920,2018-08-07T08:28:47.920Z,buy,3.509e-05,62.0,0.00217558
OAX/BTC,1533630539042,2018-08-07T08:28:59.042Z,buy,3.509e-05,11.0,0.00038598999999999996
OAX/BTC,1533630539042,2018-08-07T08:28:59.042Z,buy,3.512e-05,199.0,0.00698888
OAX/BTC,1533630539042,2018-08-07T08:28:59.042Z,buy,3.514e-05,47.0,0.00165158
OAX/BTC,1533630539042,2018-08-07T08:28:59.042Z,buy,3.515e-05,1408.0,0.0494912
OAX/BTC,1533630539042,2018-08-07T08:28:59.042Z,buy,3.52e-05,1968.0,0.0692736
OAX/BTC,1533630539071,2018-08-07T08:28:59.071Z,sell,3.52e-05,96.0,0.0033792
OAX/BTC,1533630547656,2018-08-07T08:29:07.656Z,buy,3.528e-05,300.0,0.010584
OAX/BTC,1533630551458,2018-08-07T08:29:11.458Z,buy,3.533e-05,157.0,0.00554681
OAX/BTC,1533630553987,2018-08-07T08:29:13.987Z,buy,3.536e-05,133.0,0.00470288
OAX/BTC,1533630553987,2018-08-07T08:29:13.987Z,buy,3.54e-05,2118.0,0.0749772
OAX/BTC,1533630556857,2018-08-07T08:29:16.857Z,sell,3.533e-05,80.0,0.0028264
OAX/BTC,1533630568186,2018-08-07T08:29:28.186Z,buy,3.54e-05,310.0,0.010974
OAX/BTC,1533630576662,2018-08-07T08:29:36.662Z,sell,3.533e-05,42.0,0.00148386
OAX/BTC,1533630586269,2018-08-07T08:29:46.269Z,buy,3.54e-05,134.0,0.0047436
OAX/BTC,1533630590006,2018-08-07T08:29:50.006Z,sell,3.533e-05,140.0,0.0049462
OAX/BTC,1533630598098,2018-08-07T08:29:58.098Z,sell,3.533e-05,468.0,0.01653444
OAX/BTC,1533630598098,2018-08-07T08:29:58.098Z,sell,3.528e-05,704.0,0.02483712
OAX/BTC,1533630598098,2018-08-07T08:29:58.098Z,sell,3.521e-05,3454.0,0.12161533999999999
OAX/BTC,1533630598098,2018-08-07T08:29:58.098Z,sell,3.52e-05,14288.0,0.5029376
OAX/BTC,1533630606929,2018-08-07T08:30:06.929Z,sell,3.521e-05,238.0,0.008379979999999999
OAX/BTC,1533630610074,2018-08-07T08:30:10.074Z,buy,3.539e-05,100.0,0.0035389999999999996
OAX/BTC,1533630619537,2018-08-07T08:30:19.537Z,sell,3.533e-05,42.0,0.00148386
OAX/BTC,1533630619782,2018-08-07T08:30:19.782Z,sell,3.533e-05,214.0,0.0075606200000000005
OAX/BTC,1533630641470,2018-08-07T08:30:41.470Z,sell,3.533e-05,741.0,0.026179530000000003
OAX/BTC,1533630642533,2018-08-07T08:30:42.533Z,sell,3.52e-05,171.0,0.006019200000000001
OAX/BTC,1533630646512,2018-08-07T08:30:46.512Z,sell,3.52e-05,982.0,0.034566400000000004
OAX/BTC,1533630648854,2018-08-07T08:30:48.854Z,sell,3.52e-05,24.0,0.0008448
OAX/BTC,1533630648859,2018-08-07T08:30:48.859Z,sell,3.52e-05,40.0,0.001408
OAX/BTC,1533630648904,2018-08-07T08:30:48.904Z,sell,3.52e-05,54.0,0.0019008
OAX/BTC,1533630649298,2018-08-07T08:30:49.298Z,sell,3.52e-05,70.0,0.002464
OAX/BTC,1533630651742,2018-08-07T08:30:51.742Z,sell,3.52e-05,70.0,0.002464
OAX/BTC,1533630662129,2018-08-07T08:31:02.129Z,buy,3.532e-05,29.0,0.00102428
OAX/BTC,1533630667480,2018-08-07T08:31:07.480Z,sell,3.52e-05,1363.0,0.0479776
OAX/BTC,1533630671467,2018-08-07T08:31:11.467Z,sell,3.52e-05,3743.0,0.1317536
OAX/BTC,1533630673791,2018-08-07T08:31:13.791Z,sell,3.502e-05,57.0,0.00199614
OAX/BTC,1533630689251,2018-08-07T08:31:29.251Z,sell,3.5e-05,1282.0,0.04486999999999999
OAX/BTC,1533630689280,2018-08-07T08:31:29.280Z,buy,3.5e-05,285.0,0.009975
OAX/BTC,1533630696683,2018-08-07T08:31:36.683Z,sell,3.481e-05,86.0,0.00299366
OAX/BTC,1533630696683,2018-08-07T08:31:36.683Z,sell,3.443e-05,44.0,0.0015149200000000001
OAX/BTC,1533630696683,2018-08-07T08:31:36.683Z,sell,3.44e-05,70.0,0.002408
OAX/BTC,1533630704273,2018-08-07T08:31:44.273Z,buy,3.455e-05,137.0,0.00473335
OAX/BTC,1533630705698,2018-08-07T08:31:45.698Z,sell,3.449e-05,289.0,0.009967609999999998
OAX/BTC,1533630706213,2018-08-07T08:31:46.213Z,buy,3.445e-05,4.0,0.0001378
OAX/BTC,1533630728368,2018-08-07T08:32:08.368Z,buy,3.455e-05,58.0,0.0020039
OAX/BTC,1533630750132,2018-08-07T08:32:30.132Z,sell,3.455e-05,275.0,0.00950125
OAX/BTC,1533630751134,2018-08-07T08:32:31.134Z,buy,3.455e-05,34.0,0.0011746999999999999
OAX/BTC,1533630751134,2018-08-07T08:32:31.134Z,buy,3.456e-05,23.0,0.00079488
OAX/BTC,1533630752998,2018-08-07T08:32:32.998Z,buy,3.456e-05,210.0,0.0072576
OAX/BTC,1533630758197,2018-08-07T08:32:38.197Z,buy,3.456e-05,59.0,0.00203904
OAX/BTC,1533630767394,2018-08-07T08:32:47.394Z,buy,3.463e-05,289.0,0.010008069999999999
OAX/BTC,1533630768441,2018-08-07T08:32:48.441Z,buy,3.468e-05,32.0,0.00110976
OAX/BTC,1533630771246,2018-08-07T08:32:51.246Z,sell,3.463e-05,24.0,0.00083112
OAX/BTC,1533630771246,2018-08-07T08:32:51.246Z,sell,3.456e-05,60.0,0.0020736
OAX/BTC,1533630774220,2018-08-07T08:32:54.220Z,buy,3.452e-05,60.0,0.0020712
OAX/BTC,1533630787901,2018-08-07T08:33:07.901Z,sell,3.441e-05,30.0,0.0010322999999999999
OAX/BTC,1533630787901,2018-08-07T08:33:07.901Z,sell,3.44e-05,164.0,0.0056416
OAX/BTC,1533630787901,2018-08-07T08:33:07.901Z,sell,3.423e-05,374.0,0.01280202
OAX/BTC,1533630787901,2018-08-07T08:33:07.901Z,sell,3.422e-05,728.0,0.02491216
OAX/BTC,1533630787901,2018-08-07T08:33:07.901Z,sell,3.42e-05,1966.0,0.0672372
OAX/BTC,1533630790000,2018-08-07T08:33:10.000Z,sell,3.449e-05,57.0,0.00196593
OAX/BTC,1533630822208,2018-08-07T08:33:42.208Z,buy,3.449e-05,105.0,0.0036214499999999996
OAX/BTC,1533630822658,2018-08-07T08:33:42.658Z,buy,3.449e-05,12.0,0.00041387999999999993
OAX/BTC,1533630848881,2018-08-07T08:34:08.881Z,buy,3.448e-05,390.0,0.013447200000000001
OAX/BTC,1533630854932,2018-08-07T08:34:14.932Z,buy,3.449e-05,29.0,0.0010002099999999999
OAX/BTC,1533630859842,2018-08-07T08:34:19.842Z,buy,3.449e-05,932.0,0.032144679999999995
OAX/BTC,1533630944583,2018-08-07T08:35:44.583Z,buy,3.459e-05,57.0,0.00197163
OAX/BTC,1533630944583,2018-08-07T08:35:44.583Z,buy,3.46e-05,643.0,0.0222478
OAX/BTC,1533630982932,2018-08-07T08:36:22.932Z,sell,3.45e-05,166.0,0.0057269999999999995
OAX/BTC,1533630992378,2018-08-07T08:36:32.378Z,buy,3.457e-05,32.0,0.00110624
OAX/BTC,1533630998223,2018-08-07T08:36:38.223Z,sell,3.45e-05,7.0,0.0002415
OAX/BTC,1533631020165,2018-08-07T08:37:00.165Z,buy,3.457e-05,53.0,0.0018322100000000001
OAX/BTC,1533631020165,2018-08-07T08:37:00.165Z,buy,3.468e-05,38.0,0.00131784
OAX/BTC,1533631020165,2018-08-07T08:37:00.165Z,buy,3.499e-05,44.0,0.0015395600000000001
OAX/BTC,1533631020165,2018-08-07T08:37:00.165Z,buy,3.5e-05,259.0,0.009064999999999998
OAX/BTC,1533631040415,2018-08-07T08:37:20.415Z,buy,3.456e-05,125.0,0.00432
OAX/BTC,1533631130416,2018-08-07T08:38:50.416Z,buy,3.487e-05,30.0,0.0010461000000000001
OAX/BTC,1533631130416,2018-08-07T08:38:50.416Z,buy,3.488e-05,125.0,0.00436
OAX/BTC,1533631130416,2018-08-07T08:38:50.416Z,buy,3.489e-05,30.0,0.0010467
OAX/BTC,1533631130416,2018-08-07T08:38:50.416Z,buy,3.491e-05,101.0,0.00352591
OAX/BTC,1533631199214,2018-08-07T08:39:59.214Z,buy,3.49e-05,30.0,0.001047
OAX/BTC,1533631199214,2018-08-07T08:39:59.214Z,buy,3.491e-05,237.0,0.00827367
OAX/BTC,1533631201307,2018-08-07T08:40:01.307Z,buy,3.491e-05,143.0,0.00499213
OAX/BTC,1533631261153,2018-08-07T08:41:01.153Z,sell,3.451e-05,8.0,0.00027608
OAX/BTC,1533631354038,2018-08-07T08:42:34.038Z,sell,3.462e-05,744.0,0.025757279999999997
OAX/BTC,1533631354076,2018-08-07T08:42:34.076Z,sell,3.462e-05,6.0,0.00020772
OAX/BTC,1533631354076,2018-08-07T08:42:34.076Z,sell,3.457e-05,208.0,0.00719056
OAX/BTC,1533631456819,2018-08-07T08:44:16.819Z,sell,3.458e-05,30.0,0.0010374
OAX/BTC,1533631456819,2018-08-07T08:44:16.819Z,sell,3.457e-05,310.0,0.010716700000000001
OAX/BTC,1533631456819,2018-08-07T08:44:16.819Z,sell,3.45e-05,962.0,0.033188999999999996
OAX/BTC,1533631488662,2018-08-07T08:44:48.662Z,sell,3.451e-05,30.0,0.0010353
OAX/BTC,1533631488662,2018-08-07T08:44:48.662Z,sell,3.45e-05,156.0,0.005382
OAX/BTC,1533631490568,2018-08-07T08:44:50.568Z,buy,3.45e-05,314.0,0.010832999999999999
OAX/BTC,1533631549227,2018-08-07T08:45:49.227Z,buy,3.444e-05,54.0,0.0018597600000000002
OAX/BTC,1533631619847,2018-08-07T08:46:59.847Z,buy,3.444e-05,22.0,0.00075768
OAX/BTC,1533631655305,2018-08-07T08:47:35.305Z,buy,3.459e-05,342.0,0.01182978
OAX/BTC,1533631655305,2018-08-07T08:47:35.305Z,buy,3.46e-05,701.0,0.0242546
OAX/BTC,1533631974535,2018-08-07T08:52:54.535Z,sell,3.449e-05,106.0,0.0036559399999999995
OAX/BTC,1533632012318,2018-08-07T08:53:32.318Z,sell,3.449e-05,292.0,0.01007108
OAX/BTC,1533632012318,2018-08-07T08:53:32.318Z,sell,3.447e-05,372.0,0.01282284
OAX/BTC,1533632012318,2018-08-07T08:53:32.318Z,sell,3.446e-05,2037.0,0.07019502
OAX/BTC,1533632012318,2018-08-07T08:53:32.318Z,sell,3.444e-05,12230.0,0.42120120000000005
OAX/BTC,1533632031300,2018-08-07T08:53:51.300Z,sell,3.444e-05,1875.0,0.06457500000000001
OAX/BTC,1533632035064,2018-08-07T08:53:55.064Z,buy,3.443e-05,372.0,0.01280796
OAX/BTC,1533632043143,2018-08-07T08:54:03.143Z,buy,3.444e-05,1316.0,0.04532304
OAX/BTC,1533632201958,2018-08-07T08:56:41.958Z,buy,3.439e-05,2037.0,0.07005243
OAX/BTC,1533632201958,2018-08-07T08:56:41.958Z,buy,3.44e-05,9186.0,0.3159984
OAX/BTC,1533632201986,2018-08-07T08:56:41.986Z,sell,3.44e-05,1963.0,0.06752720000000001
OAX/BTC,1533632260336,2018-08-07T08:57:40.336Z,buy,3.44e-05,1496.0,0.051462400000000005
OAX/BTC,1533632299620,2018-08-07T08:58:19.620Z,buy,3.46e-05,188.0,0.0065048
OAX/BTC,1533632311381,2018-08-07T08:58:31.381Z,sell,3.437e-05,72.0,0.0024746399999999997
OAX/BTC,1533632312824,2018-08-07T08:58:32.824Z,sell,3.437e-05,210.0,0.0072177
OAX/BTC,1533632337081,2018-08-07T08:58:57.081Z,sell,3.438e-05,3340.0,0.11482919999999999
OAX/BTC,1533632337204,2018-08-07T08:58:57.204Z,buy,3.459e-05,282.0,0.00975438
OAX/BTC,1533632337204,2018-08-07T08:58:57.204Z,buy,3.46e-05,402.0,0.0139092
OAX/BTC,1533632450663,2018-08-07T09:00:50.663Z,sell,3.46e-05,134.0,0.0046364
OAX/BTC,1533632542764,2018-08-07T09:02:22.764Z,sell,3.46e-05,29.0,0.0010034
OAX/BTC,1533632941759,2018-08-07T09:09:01.759Z,buy,3.49e-05,34.0,0.0011866000000000001
OAX/BTC,1533633262962,2018-08-07T09:14:22.962Z,sell,3.46e-05,333.0,0.0115218
OAX/BTC,1533633262962,2018-08-07T09:14:22.962Z,sell,3.46e-05,333.0,0.0115218
OAX/BTC,1533634043145,2018-08-07T09:27:23.145Z,buy,3.465e-05,96.0,0.0033264
OAX/BTC,1533634349033,2018-08-07T09:32:29.033Z,buy,3.462e-05,88.0,0.00304656
OAX/BTC,1533634349033,2018-08-07T09:32:29.033Z,buy,3.465e-05,30.0,0.0010395
OAX/BTC,1533634510712,2018-08-07T09:35:10.712Z,sell,3.465e-05,117.0,0.00405405
OAX/BTC,1533634607564,2018-08-07T09:36:47.564Z,sell,3.465e-05,33.0,0.00114345
OAX/BTC,1533634853325,2018-08-07T09:40:53.325Z,sell,3.465e-05,100.0,0.003465
OAX/BTC,1533635193183,2018-08-07T09:46:33.183Z,sell,3.461e-05,144.0,0.004983840000000001
OAX/BTC,1533635447687,2018-08-07T09:50:47.687Z,sell,3.435e-05,471.0,0.01617885
OAX/BTC,1533635447805,2018-08-07T09:50:47.805Z,buy,3.435e-05,774.0,0.0265869
OAX/BTC,1533635481763,2018-08-07T09:51:21.763Z,sell,3.435e-05,30.0,0.0010305
OAX/BTC,1533635482874,2018-08-07T09:51:22.874Z,buy,3.435e-05,966.0,0.0331821
OAX/BTC,1533635484384,2018-08-07T09:51:24.384Z,buy,3.462e-05,30.0,0.0010386
OAX/BTC,1533635484862,2018-08-07T09:51:24.862Z,sell,3.462e-05,258.0,0.00893196
OAX/BTC,1533635486869,2018-08-07T09:51:26.869Z,buy,3.435e-05,300.0,0.010305
OAX/BTC,1533635775101,2018-08-07T09:56:15.101Z,buy,3.462e-05,30.0,0.0010386
OAX/BTC,1533635775962,2018-08-07T09:56:15.962Z,sell,3.462e-05,201.0,0.0069586199999999996
OAX/BTC,1533635796204,2018-08-07T09:56:36.204Z,sell,3.435e-05,1183.0,0.04063605
OAX/BTC,1533635975948,2018-08-07T09:59:35.948Z,sell,3.436e-05,393.0,0.013503480000000002
OAX/BTC,1533635976964,2018-08-07T09:59:36.964Z,buy,3.462e-05,30.0,0.0010386
OAX/BTC,1533636001272,2018-08-07T10:00:01.272Z,buy,3.463e-05,66.0,0.0022855799999999997
OAX/BTC,1533636001272,2018-08-07T10:00:01.272Z,buy,3.465e-05,50.0,0.0017325
OAX/BTC,1533636145656,2018-08-07T10:02:25.656Z,sell,3.486e-05,154.0,0.00536844
OAX/BTC,1533636145691,2018-08-07T10:02:25.691Z,sell,3.486e-05,157.0,0.00547302
OAX/BTC,1533636146021,2018-08-07T10:02:26.021Z,sell,3.486e-05,820.0,0.0285852
OAX/BTC,1533636311355,2018-08-07T10:05:11.355Z,buy,3.489e-05,1538.0,0.05366082
OAX/BTC,1533636387839,2018-08-07T10:06:27.839Z,buy,3.49e-05,100.0,0.00349
OAX/BTC,1533636400339,2018-08-07T10:06:40.339Z,sell,3.472e-05,45.0,0.0015624
OAX/BTC,1533636726735,2018-08-07T10:12:06.735Z,sell,3.472e-05,991.0,0.03440752
OAX/BTC,1533636726735,2018-08-07T10:12:06.735Z,sell,3.462e-05,9.0,0.00031158
OAX/BTC,1533636726735,2018-08-07T10:12:06.735Z,sell,3.447e-05,577.0,0.01988919
OAX/BTC,1533636726735,2018-08-07T10:12:06.735Z,sell,3.436e-05,3720.0,0.12781920000000002
OAX/BTC,1533636726735,2018-08-07T10:12:06.735Z,sell,3.435e-05,1497.0,0.05142195
OAX/BTC,1533636726735,2018-08-07T10:12:06.735Z,sell,3.472e-05,991.0,0.03440752
OAX/BTC,1533636726735,2018-08-07T10:12:06.735Z,sell,3.462e-05,9.0,0.00031158
OAX/BTC,1533636726735,2018-08-07T10:12:06.735Z,sell,3.447e-05,577.0,0.01988919
OAX/BTC,1533636726735,2018-08-07T10:12:06.735Z,sell,3.436e-05,3720.0,0.12781920000000002
OAX/BTC,1533636726735,2018-08-07T10:12:06.735Z,sell,3.435e-05,1497.0,0.05142195
OAX/BTC,1533637340504,2018-08-07T10:22:20.504Z,buy,3.462e-05,273.0,0.00945126
OAX/BTC,1533637340504,2018-08-07T10:22:20.504Z,buy,3.463e-05,124.0,0.00429412
OAX/BTC,1533637340504,2018-08-07T10:22:20.504Z,buy,3.465e-05,709.0,0.02456685
OAX/BTC,1533637340504,2018-08-07T10:22:20.504Z,buy,3.469e-05,577.0,0.02001613
OAX/BTC,1533637340504,2018-08-07T10:22:20.504Z,buy,3.488e-05,240.0,0.008371199999999999
OAX/BTC,1533637387272,2018-08-07T10:23:07.272Z,sell,3.475e-05,417.0,0.014490749999999998
OAX/BTC,1533638148320,2018-08-07T10:35:48.320Z,sell,3.475e-05,50.0,0.0017375
OAX/BTC,1533638224536,2018-08-07T10:37:04.536Z,buy,3.49e-05,330.0,0.011517000000000001
OAX/BTC,1533638260335,2018-08-07T10:37:40.335Z,sell,3.475e-05,217.0,0.00754075
OAX/BTC,1533638486492,2018-08-07T10:41:26.492Z,sell,3.475e-05,29.0,0.00100775
OAX/BTC,1533639600925,2018-08-07T11:00:00.925Z,buy,3.471e-05,143.0,0.00496353
OAX/BTC,1533639641846,2018-08-07T11:00:41.846Z,buy,3.471e-05,82.0,0.00284622
OAX/BTC,1533639658635,2018-08-07T11:00:58.635Z,sell,3.472e-05,288.0,0.00999936
OAX/BTC,1533639716665,2018-08-07T11:01:56.665Z,sell,3.471e-05,19.0,0.00065949
OAX/BTC,1533639716665,2018-08-07T11:01:56.665Z,sell,3.457e-05,52.0,0.00179764
OAX/BTC,1533640184722,2018-08-07T11:09:44.722Z,sell,3.443e-05,29.0,0.00099847
OAX/BTC,1533640184722,2018-08-07T11:09:44.722Z,sell,3.443e-05,29.0,0.00099847
OAX/BTC,1533640869944,2018-08-07T11:21:09.944Z,buy,3.47e-05,30.0,0.001041
OAX/BTC,1533640869944,2018-08-07T11:21:09.944Z,buy,3.471e-05,440.0,0.015272399999999998
OAX/BTC,1533640869944,2018-08-07T11:21:09.944Z,buy,3.473e-05,217.0,0.00753641
OAX/BTC,1533640869944,2018-08-07T11:21:09.944Z,buy,3.475e-05,250.0,0.008687499999999999
OAX/BTC,1533640869944,2018-08-07T11:21:09.944Z,buy,3.491e-05,450.0,0.0157095
OAX/BTC,1533640870913,2018-08-07T11:21:10.913Z,sell,3.491e-05,190.0,0.006632900000000001
OAX/BTC,1533640957918,2018-08-07T11:22:37.918Z,sell,3.484e-05,75.0,0.002613
OAX/BTC,1533641117958,2018-08-07T11:25:17.958Z,buy,3.498e-05,1376.0,0.04813248
OAX/BTC,1533641135648,2018-08-07T11:25:35.648Z,buy,3.499e-05,150.0,0.0052485000000000006
OAX/BTC,1533641135648,2018-08-07T11:25:35.648Z,buy,3.5e-05,287.0,0.010044999999999998
OAX/BTC,1533641135648,2018-08-07T11:25:35.648Z,buy,3.502e-05,269.0,0.00942038
OAX/BTC,1533641135648,2018-08-07T11:25:35.648Z,buy,3.533e-05,225.0,0.00794925
OAX/BTC,1533641135648,2018-08-07T11:25:35.648Z,buy,3.54e-05,269.0,0.009522599999999999
OAX/BTC,1533641137504,2018-08-07T11:25:37.504Z,buy,3.54e-05,40.0,0.001416
OAX/BTC,1533641209433,2018-08-07T11:26:49.433Z,buy,3.54e-05,154.0,0.0054516
OAX/BTC,1533641209433,2018-08-07T11:26:49.433Z,buy,3.546e-05,50.0,0.001773
OAX/BTC,1533641209433,2018-08-07T11:26:49.433Z,buy,3.547e-05,259.0,0.009186729999999999
OAX/BTC,1533641209433,2018-08-07T11:26:49.433Z,buy,3.548e-05,400.0,0.014192
OAX/BTC,1533641209433,2018-08-07T11:26:49.433Z,buy,3.549e-05,665.0,0.02360085
OAX/BTC,1533641209433,2018-08-07T11:26:49.433Z,buy,3.55e-05,1768.0,0.062764
OAX/BTC,1533641209433,2018-08-07T11:26:49.433Z,buy,3.553e-05,5.0,0.00017765
OAX/BTC,1533641210265,2018-08-07T11:26:50.265Z,sell,3.533e-05,159.0,0.00561747
OAX/BTC,1533641262123,2018-08-07T11:27:42.123Z,sell,3.502e-05,149.0,0.00521798
OAX/BTC,1533641939762,2018-08-07T11:38:59.762Z,sell,3.46e-05,29.0,0.0010034
OAX/BTC,1533641939762,2018-08-07T11:38:59.762Z,sell,3.459e-05,570.0,0.0197163
OAX/BTC,1533641940105,2018-08-07T11:39:00.105Z,buy,3.459e-05,331.0,0.011449289999999999
OAX/BTC,1533641969774,2018-08-07T11:39:29.774Z,sell,3.458e-05,87.0,0.0030084599999999997
OAX/BTC,1533641970097,2018-08-07T11:39:30.097Z,buy,3.458e-05,611.0,0.02112838
OAX/BTC,1533642136144,2018-08-07T11:42:16.144Z,sell,3.462e-05,616.0,0.021325919999999998
OAX/BTC,1533642184178,2018-08-07T11:43:04.178Z,sell,3.462e-05,2.0,6.924e-05
OAX/BTC,1533642184178,2018-08-07T11:43:04.178Z,sell,3.458e-05,30.0,0.0010374
OAX/BTC,1533642185264,2018-08-07T11:43:05.264Z,buy,3.458e-05,491.0,0.01697878
OAX/BTC,1533642201544,2018-08-07T11:43:21.544Z,buy,3.488e-05,30.0,0.0010463999999999998
OAX/BTC,1533642201544,2018-08-07T11:43:21.544Z,buy,3.489e-05,256.0,0.00893184
OAX/BTC,1533642542184,2018-08-07T11:49:02.184Z,sell,3.458e-05,30.0,0.0010374
OAX/BTC,1533642542184,2018-08-07T11:49:02.184Z,sell,3.457e-05,372.0,0.012860040000000001
OAX/BTC,1533642803916,2018-08-07T11:53:23.916Z,sell,3.454e-05,30.0,0.0010362
OAX/BTC,1533642803916,2018-08-07T11:53:23.916Z,sell,3.453e-05,313.0,0.01080789
OAX/BTC,1533642842122,2018-08-07T11:54:02.122Z,sell,3.443e-05,183.0,0.00630069
OAX/BTC,1533642842122,2018-08-07T11:54:02.122Z,sell,3.439e-05,275.0,0.00945725
OAX/BTC,1533642842122,2018-08-07T11:54:02.122Z,sell,3.436e-05,127.0,0.004363720000000001
OAX/BTC,1533642862227,2018-08-07T11:54:22.227Z,sell,3.436e-05,239.0,0.00821204
OAX/BTC,1533642870403,2018-08-07T11:54:30.403Z,buy,3.436e-05,3.0,0.00010308000000000001
OAX/BTC,1533643038220,2018-08-07T11:57:18.220Z,buy,3.459e-05,87.0,0.0030093299999999997
OAX/BTC,1533643155467,2018-08-07T11:59:15.467Z,buy,3.459e-05,289.0,0.00999651
OAX/BTC,1533643155467,2018-08-07T11:59:15.467Z,buy,3.459e-05,289.0,0.00999651
OAX/BTC,1533644472730,2018-08-07T12:21:12.730Z,buy,3.44e-05,365.0,0.012556000000000001
OAX/BTC,1533644666433,2018-08-07T12:24:26.433Z,buy,3.452e-05,87.0,0.0030032400000000003
OAX/BTC,1533644666433,2018-08-07T12:24:26.433Z,buy,3.453e-05,202.0,0.006975060000000001
OAX/BTC,1533644764540,2018-08-07T12:26:04.540Z,sell,3.438e-05,85.0,0.0029223
OAX/BTC,1533644764540,2018-08-07T12:26:04.540Z,sell,3.437e-05,781.0,0.026842969999999997
OAX/BTC,1533644764540,2018-08-07T12:26:04.540Z,sell,3.434e-05,431.0,0.01480054
OAX/BTC,1533645204633,2018-08-07T12:33:24.633Z,sell,3.434e-05,73.0,0.00250682
OAX/BTC,1533645205531,2018-08-07T12:33:25.531Z,buy,3.448e-05,184.0,0.0063443200000000005
OAX/BTC,1533645260963,2018-08-07T12:34:20.963Z,buy,3.454e-05,152.0,0.00525008
OAX/BTC,1533645490986,2018-08-07T12:38:10.986Z,buy,3.459e-05,298.0,0.01030782
OAX/BTC,1533645742376,2018-08-07T12:42:22.376Z,buy,3.459e-05,288.0,0.009961919999999999
OAX/BTC,1533646045365,2018-08-07T12:47:25.365Z,buy,3.458e-05,129.0,0.00446082
OAX/BTC,1533646045365,2018-08-07T12:47:25.365Z,buy,3.459e-05,455.0,0.01573845
OAX/BTC,1533646482400,2018-08-07T12:54:42.400Z,buy,3.459e-05,214.0,0.00740226
OAX/BTC,1533646684447,2018-08-07T12:58:04.447Z,buy,3.485e-05,30.0,0.0010455
OAX/BTC,1533646684447,2018-08-07T12:58:04.447Z,buy,3.486e-05,238.0,0.00829668
OAX/BTC,1533646684447,2018-08-07T12:58:04.447Z,buy,3.49e-05,673.0,0.0234877
OAX/BTC,1533646684447,2018-08-07T12:58:04.447Z,buy,3.485e-05,30.0,0.0010455
OAX/BTC,1533646684447,2018-08-07T12:58:04.447Z,buy,3.486e-05,238.0,0.00829668
OAX/BTC,1533646684447,2018-08-07T12:58:04.447Z,buy,3.49e-05,673.0,0.0234877
OAX/BTC,1533646800486,2018-08-07T13:00:00.486Z,buy,3.489e-05,30.0,0.0010467
OAX/BTC,1533646800486,2018-08-07T13:00:00.486Z,buy,3.49e-05,113.0,0.0039437000000000005
OAX/BTC,1533647036013,2018-08-07T13:03:56.013Z,buy,3.49e-05,62.0,0.0021638
OAX/BTC,1533647444433,2018-08-07T13:10:44.433Z,buy,3.49e-05,187.0,0.0065263000000000005
OAX/BTC,1533647514454,2018-08-07T13:11:54.454Z,buy,3.49e-05,81.0,0.0028269000000000002
OAX/BTC,1533647663926,2018-08-07T13:14:23.926Z,buy,3.48e-05,159.0,0.005533199999999999
OAX/BTC,1533647663926,2018-08-07T13:14:23.926Z,buy,3.49e-05,313.0,0.0109237
OAX/BTC,1533647844012,2018-08-07T13:17:24.012Z,buy,3.493e-05,75.0,0.00261975
OAX/BTC,1533647844012,2018-08-07T13:17:24.012Z,buy,3.499e-05,87.0,0.0030441300000000004
OAX/BTC,1533647844012,2018-08-07T13:17:24.012Z,buy,3.5e-05,124.0,0.004339999999999999
OAX/BTC,1533648466886,2018-08-07T13:27:46.886Z,sell,3.472e-05,86.0,0.00298592
OAX/BTC,1533648504131,2018-08-07T13:28:24.131Z,sell,3.466e-05,30.0,0.0010398
OAX/BTC,1533648504131,2018-08-07T13:28:24.131Z,sell,3.465e-05,64.0,0.0022176
OAX/BTC,1533648504131,2018-08-07T13:28:24.131Z,sell,3.462e-05,4.0,0.00013848
OAX/BTC,1533648539806,2018-08-07T13:28:59.806Z,sell,3.455e-05,4.0,0.0001382
OAX/BTC,1533648543459,2018-08-07T13:29:03.459Z,sell,3.455e-05,90.0,0.0031095
OAX/BTC,1533648546108,2018-08-07T13:29:06.108Z,sell,3.455e-05,152.0,0.0052516
OAX/BTC,1533648999772,2018-08-07T13:36:39.772Z,sell,3.455e-05,375.0,0.012956249999999999
OAX/BTC,1533649126357,2018-08-07T13:38:46.357Z,buy,3.455e-05,536.0,0.0185188
OAX/BTC,1533649171785,2018-08-07T13:39:31.785Z,buy,3.489e-05,615.0,0.02145735
OAX/BTC,1533649171785,2018-08-07T13:39:31.785Z,buy,3.498e-05,30.0,0.0010494
OAX/BTC,1533649171785,2018-08-07T13:39:31.785Z,buy,3.499e-05,664.0,0.02323336
OAX/BTC,1533649639470,2018-08-07T13:47:19.470Z,buy,3.498e-05,145.0,0.0050721
OAX/BTC,1533649973654,2018-08-07T13:52:53.654Z,sell,3.49e-05,1500.0,0.05235
OAX/BTC,1533649973654,2018-08-07T13:52:53.654Z,sell,3.49e-05,1500.0,0.05235
OAX/BTC,1533650886451,2018-08-07T14:08:06.451Z,buy,3.496e-05,29.0,0.00101384
OAX/BTC,1533650886451,2018-08-07T14:08:06.451Z,buy,3.498e-05,175.0,0.0061215
OAX/BTC,1533650886451,2018-08-07T14:08:06.451Z,buy,3.499e-05,2296.0,0.08033704
OAX/BTC,1533651362417,2018-08-07T14:16:02.417Z,sell,3.47e-05,112.0,0.0038864000000000004
OAX/BTC,1533651571814,2018-08-07T14:19:31.814Z,sell,3.47e-05,506.0,0.017558200000000003
OAX/BTC,1533651571814,2018-08-07T14:19:31.814Z,sell,3.449e-05,314.0,0.010829859999999998
OAX/BTC,1533651571814,2018-08-07T14:19:31.814Z,sell,3.44e-05,420.0,0.014448
OAX/BTC,1533652110549,2018-08-07T14:28:30.549Z,sell,3.462e-05,1.0,3.462e-05
OAX/BTC,1533652244002,2018-08-07T14:30:44.002Z,sell,3.462e-05,319.0,0.01104378
OAX/BTC,1533653339235,2018-08-07T14:48:59.235Z,buy,3.46e-05,420.0,0.014532
OAX/BTC,1533653339235,2018-08-07T14:48:59.235Z,buy,3.462e-05,1629.0,0.05639598
OAX/BTC,1533653339413,2018-08-07T14:48:59.413Z,buy,3.463e-05,320.0,0.0110816
OAX/BTC,1533653453420,2018-08-07T14:50:53.420Z,sell,3.458e-05,316.0,0.01092728
OAX/BTC,1533653499897,2018-08-07T14:51:39.897Z,buy,3.46e-05,416.0,0.0143936
OAX/BTC,1533653540727,2018-08-07T14:52:20.727Z,buy,3.458e-05,50.0,0.0017289999999999999
OAX/BTC,1533653549810,2018-08-07T14:52:29.810Z,buy,3.458e-05,212.0,0.007330959999999999
OAX/BTC,1533653549810,2018-08-07T14:52:29.810Z,buy,3.458e-05,212.0,0.007330959999999999
OAX/BTC,1533653813439,2018-08-07T14:56:53.439Z,buy,3.461e-05,316.0,0.01093676
OAX/BTC,1533653814313,2018-08-07T14:56:54.313Z,sell,3.46e-05,361.0,0.012490600000000001
OAX/BTC,1533654552469,2018-08-07T15:09:12.469Z,buy,3.46e-05,316.0,0.0109336
OAX/BTC,1533654606043,2018-08-07T15:10:06.043Z,sell,3.46e-05,113.0,0.0039098
OAX/BTC,1533655176264,2018-08-07T15:19:36.264Z,buy,3.48e-05,63.0,0.0021923999999999997
OAX/BTC,1533655176264,2018-08-07T15:19:36.264Z,buy,3.482e-05,308.0,0.010724560000000001
OAX/BTC,1533655176264,2018-08-07T15:19:36.264Z,buy,3.499e-05,78.0,0.00272922
OAX/BTC,1533655176264,2018-08-07T15:19:36.264Z,buy,3.5e-05,593.0,0.020755
OAX/BTC,1533655176279,2018-08-07T15:19:36.279Z,sell,3.5e-05,41.0,0.0014349999999999999
OAX/BTC,1533655196681,2018-08-07T15:19:56.681Z,sell,3.506e-05,149.0,0.00522394
OAX/BTC,1533655208683,2018-08-07T15:20:08.683Z,sell,3.506e-05,50.0,0.001753
OAX/BTC,1533655216252,2018-08-07T15:20:16.252Z,buy,3.532e-05,149.0,0.0052626800000000005
OAX/BTC,1533655216252,2018-08-07T15:20:16.252Z,buy,3.534e-05,391.0,0.013817939999999999
OAX/BTC,1533655216252,2018-08-07T15:20:16.252Z,buy,3.543e-05,390.0,0.013817699999999999
OAX/BTC,1533655216252,2018-08-07T15:20:16.252Z,buy,3.549e-05,224.0,0.00794976
OAX/BTC,1533655216252,2018-08-07T15:20:16.252Z,buy,3.55e-05,928.0,0.032944
OAX/BTC,1533655216273,2018-08-07T15:20:16.273Z,sell,3.55e-05,39.0,0.0013845
OAX/BTC,1533655216610,2018-08-07T15:20:16.610Z,sell,3.55e-05,146.0,0.005183
OAX/BTC,1533655235755,2018-08-07T15:20:35.755Z,sell,3.533e-05,39.0,0.00137787
OAX/BTC,1533655245406,2018-08-07T15:20:45.406Z,sell,3.508e-05,1.0,3.508e-05
OAX/BTC,1533655344285,2018-08-07T15:22:24.285Z,sell,3.508e-05,212.0,0.00743696
OAX/BTC,1533655383583,2018-08-07T15:23:03.583Z,sell,3.508e-05,416.0,0.014593280000000002
OAX/BTC,1533655384102,2018-08-07T15:23:04.102Z,buy,3.523e-05,144.0,0.00507312
OAX/BTC,1533655399843,2018-08-07T15:23:19.843Z,buy,3.544e-05,39.0,0.00138216
OAX/BTC,1533655399843,2018-08-07T15:23:19.843Z,buy,3.55e-05,147.0,0.0052185
OAX/BTC,1533655399843,2018-08-07T15:23:19.843Z,buy,3.552e-05,375.0,0.01332
OAX/BTC,1533655400762,2018-08-07T15:23:20.762Z,sell,3.552e-05,506.0,0.01797312
OAX/BTC,1533655420249,2018-08-07T15:23:40.249Z,buy,3.553e-05,579.0,0.02057187
OAX/BTC,1533655422004,2018-08-07T15:23:42.004Z,buy,3.553e-05,434.0,0.01542002
OAX/BTC,1533655423091,2018-08-07T15:23:43.091Z,buy,3.553e-05,145.0,0.00515185
OAX/BTC,1533655455078,2018-08-07T15:24:15.078Z,buy,3.552e-05,29.0,0.00103008
OAX/BTC,1533655455078,2018-08-07T15:24:15.078Z,buy,3.553e-05,187.0,0.00664411
OAX/BTC,1533655456583,2018-08-07T15:24:16.583Z,buy,3.553e-05,325.0,0.01154725
OAX/BTC,1533655458178,2018-08-07T15:24:18.178Z,buy,3.553e-05,244.0,0.00866932
OAX/BTC,1533655459616,2018-08-07T15:24:19.616Z,buy,3.553e-05,82.0,0.00291346
OAX/BTC,1533655506637,2018-08-07T15:25:06.637Z,buy,3.553e-05,409.0,0.01453177
OAX/BTC,1533655507771,2018-08-07T15:25:07.771Z,sell,3.553e-05,490.0,0.0174097
OAX/BTC,1533655523242,2018-08-07T15:25:23.242Z,sell,3.523e-05,22.0,0.0007750599999999999
OAX/BTC,1533655564007,2018-08-07T15:26:04.007Z,buy,3.568e-05,485.0,0.0173048
OAX/BTC,1533655685975,2018-08-07T15:28:05.975Z,buy,3.55e-05,750.0,0.026625000000000003
OAX/BTC,1533655685975,2018-08-07T15:28:05.975Z,buy,3.568e-05,15.0,0.0005352
OAX/BTC,1533655685975,2018-08-07T15:28:05.975Z,buy,3.569e-05,233.0,0.00831577
OAX/BTC,1533655685975,2018-08-07T15:28:05.975Z,buy,3.57e-05,3260.0,0.116382
OAX/BTC,1533655699254,2018-08-07T15:28:19.254Z,buy,3.57e-05,442.0,0.0157794
OAX/BTC,1533655699254,2018-08-07T15:28:19.254Z,buy,3.575e-05,100.0,0.003575
OAX/BTC,1533655699254,2018-08-07T15:28:19.254Z,buy,3.58e-05,93.0,0.0033294
OAX/BTC,1533655699254,2018-08-07T15:28:19.254Z,buy,3.585e-05,492.0,0.0176382
OAX/BTC,1533655699254,2018-08-07T15:28:19.254Z,buy,3.589e-05,349.0,0.01252561
OAX/BTC,1533655699254,2018-08-07T15:28:19.254Z,buy,3.59e-05,1817.0,0.06523029999999999
OAX/BTC,1533655699274,2018-08-07T15:28:19.274Z,sell,3.59e-05,226.0,0.0081134
OAX/BTC,1533655699782,2018-08-07T15:28:19.782Z,sell,3.59e-05,125.0,0.0044875
OAX/BTC,1533655702262,2018-08-07T15:28:22.262Z,sell,3.59e-05,6.0,0.00021539999999999998
OAX/BTC,1533655703765,2018-08-07T15:28:23.765Z,buy,3.594e-05,271.0,0.00973974
OAX/BTC,1533655705701,2018-08-07T15:28:25.701Z,sell,3.59e-05,41.0,0.0014719
OAX/BTC,1533655714210,2018-08-07T15:28:34.210Z,sell,3.59e-05,768.0,0.027571199999999997
OAX/BTC,1533655715644,2018-08-07T15:28:35.644Z,buy,3.594e-05,229.0,0.00823026
OAX/BTC,1533655715644,2018-08-07T15:28:35.644Z,buy,3.598e-05,50.0,0.0017989999999999998
OAX/BTC,1533655715644,2018-08-07T15:28:35.644Z,buy,3.599e-05,145.0,0.00521855
OAX/BTC,1533655715644,2018-08-07T15:28:35.644Z,buy,3.6e-05,631.0,0.022716
OAX/BTC,1533655728756,2018-08-07T15:28:48.756Z,buy,3.598e-05,105.0,0.0037779
OAX/BTC,1533655731997,2018-08-07T15:28:51.997Z,buy,3.598e-05,26.0,0.0009354799999999999
OAX/BTC,1533655732894,2018-08-07T15:28:52.894Z,buy,3.598e-05,125.0,0.0044975
OAX/BTC,1533655733618,2018-08-07T15:28:53.618Z,buy,3.598e-05,9.0,0.00032382
OAX/BTC,1533655736575,2018-08-07T15:28:56.575Z,buy,3.598e-05,51.0,0.00183498
OAX/BTC,1533655736575,2018-08-07T15:28:56.575Z,buy,3.599e-05,175.0,0.00629825
OAX/BTC,1533655736632,2018-08-07T15:28:56.632Z,sell,3.599e-05,302.0,0.01086898
OAX/BTC,1533655736667,2018-08-07T15:28:56.667Z,sell,3.599e-05,823.0,0.02961977
OAX/BTC,1533655736681,2018-08-07T15:28:56.681Z,sell,3.599e-05,263.0,0.009465369999999999
OAX/BTC,1533655737987,2018-08-07T15:28:57.987Z,sell,3.557e-05,91.0,0.00323687
OAX/BTC,1533655737987,2018-08-07T15:28:57.987Z,sell,3.556e-05,326.0,0.01159256
OAX/BTC,1533655737987,2018-08-07T15:28:57.987Z,sell,3.555e-05,543.0,0.01930365
OAX/BTC,1533655741616,2018-08-07T15:29:01.616Z,sell,3.555e-05,188.0,0.006683399999999999
OAX/BTC,1533655744309,2018-08-07T15:29:04.309Z,buy,3.596e-05,111.0,0.00399156
