symbol,timestamp,datetime,side,price,amount,btc_volume
STORJ/BTC,1564430407143,2019-07-29T20:00:07.143Z,sell,1.914e-05,476.0,0.00911064
STORJ/BTC,1564430407143,2019-07-29T20:00:07.143Z,sell,1.913e-05,2324.0,0.044458120000000004
STORJ/BTC,1564430407143,2019-07-29T20:00:07.143Z,sell,1.91e-05,302.0,0.0057682
STORJ/BTC,1564430407245,2019-07-29T20:00:07.245Z,buy,1.917e-05,2.0,3.834e-05
STORJ/BTC,1564430520005,2019-07-29T20:02:00.005Z,sell,1.915e-05,52.0,0.0009958
STORJ/BTC,1564430520005,2019-07-29T20:02:00.005Z,sell,1.91e-05,917.0,0.0175147
STORJ/BTC,1564430521767,2019-07-29T20:02:01.767Z,sell,1.909e-05,150.0,0.0028634999999999997
STORJ/BTC,1564430542492,2019-07-29T20:02:22.492Z,sell,1.906e-05,72.0,0.00137232
STORJ/BTC,1564430548759,2019-07-29T20:02:28.759Z,buy,1.908e-05,72.0,0.00137376
STORJ/BTC,1564430552757,2019-07-29T20:02:32.757Z,buy,1.91e-05,2409.0,0.0460119
STORJ/BTC,1564430557759,2019-07-29T20:02:37.759Z,buy,1.911e-05,116.0,0.0022167600000000003
STORJ/BTC,1564430699671,2019-07-29T20:04:59.671Z,buy,1.912e-05,48.0,0.00091776
STORJ/BTC,1564430699671,2019-07-29T20:04:59.671Z,buy,1.915e-05,12.0,0.0002298
STORJ/BTC,1564430785202,2019-07-29T20:06:25.202Z,sell,1.911e-05,10.0,0.0001911
STORJ/BTC,1564430808775,2019-07-29T20:06:48.775Z,buy,1.911e-05,450.0,0.008599500000000001
STORJ/BTC,1564430914769,2019-07-29T20:08:34.769Z,buy,1.914e-05,15.0,0.0002871
STORJ/BTC,1564430914769,2019-07-29T20:08:34.769Z,buy,1.916e-05,105.0,0.0020118
STORJ/BTC,1564431169785,2019-07-29T20:12:49.785Z,buy,1.916e-05,16.0,0.00030656
STORJ/BTC,1564431189972,2019-07-29T20:13:09.972Z,sell,1.916e-05,18.0,0.00034488
STORJ/BTC,1564431314688,2019-07-29T20:15:14.688Z,sell,1.916e-05,13.0,0.00024908
STORJ/BTC,1564431348210,2019-07-29T20:15:48.210Z,sell,1.916e-05,13.0,0.00024908
STORJ/BTC,1564431351585,2019-07-29T20:15:51.585Z,sell,1.916e-05,916.0,0.01755056
STORJ/BTC,1564431474733,2019-07-29T20:17:54.733Z,sell,1.916e-05,13.0,0.00024908
STORJ/BTC,1564431498426,2019-07-29T20:18:18.426Z,buy,1.917e-05,6.0,0.00011502
STORJ/BTC,1564431567949,2019-07-29T20:19:27.949Z,sell,1.916e-05,2965.0,0.056809399999999996
STORJ/BTC,1564431567949,2019-07-29T20:19:27.949Z,sell,1.912e-05,2831.0,0.05412872
STORJ/BTC,1564431568036,2019-07-29T20:19:28.036Z,buy,1.912e-05,351.0,0.00671112
STORJ/BTC,1564431609020,2019-07-29T20:20:09.020Z,sell,1.907e-05,516.0,0.009840119999999999
STORJ/BTC,1564431631912,2019-07-29T20:20:31.912Z,sell,1.908e-05,150.0,0.002862
STORJ/BTC,1564431633838,2019-07-29T20:20:33.838Z,buy,1.908e-05,382.0,0.00728856
STORJ/BTC,1564431662237,2019-07-29T20:21:02.237Z,sell,1.908e-05,300.0,0.005724
STORJ/BTC,1564431662258,2019-07-29T20:21:02.258Z,buy,1.908e-05,300.0,0.005724
STORJ/BTC,1564431663840,2019-07-29T20:21:03.840Z,buy,1.908e-05,143.0,0.00272844
STORJ/BTC,1564431735539,2019-07-29T20:22:15.539Z,sell,1.906e-05,57.0,0.00108642
STORJ/BTC,1564432204357,2019-07-29T20:30:04.357Z,sell,1.906e-05,100.0,0.0019060000000000001
STORJ/BTC,1564432385305,2019-07-29T20:33:05.305Z,sell,1.906e-05,12.0,0.00022872000000000002
STORJ/BTC,1564432385637,2019-07-29T20:33:05.637Z,buy,1.906e-05,52.0,0.00099112
STORJ/BTC,1564432448890,2019-07-29T20:34:08.890Z,buy,1.906e-05,2436.0,0.04643016
STORJ/BTC,1564432463891,2019-07-29T20:34:23.891Z,buy,1.908e-05,57.0,0.00108756
STORJ/BTC,1564432471529,2019-07-29T20:34:31.529Z,sell,1.907e-05,1754.0,0.03344878
STORJ/BTC,1564432497096,2019-07-29T20:34:57.096Z,sell,1.908e-05,1049.0,0.020014920000000002
STORJ/BTC,1564432564110,2019-07-29T20:36:04.110Z,buy,1.909e-05,10.0,0.00019089999999999998
STORJ/BTC,1564432592976,2019-07-29T20:36:32.976Z,sell,1.908e-05,334.0,0.00637272
STORJ/BTC,1564432592997,2019-07-29T20:36:32.997Z,sell,1.908e-05,679.0,0.01295532
STORJ/BTC,1564432610139,2019-07-29T20:36:50.139Z,buy,1.909e-05,3820.0,0.0729238
STORJ/BTC,1564432610139,2019-07-29T20:36:50.139Z,buy,1.912e-05,150.0,0.002868
STORJ/BTC,1564432610168,2019-07-29T20:36:50.168Z,buy,1.915e-05,10.0,0.00019150000000000002
STORJ/BTC,1564432610168,2019-07-29T20:36:50.168Z,buy,1.916e-05,831.0,0.01592196
STORJ/BTC,1564432610685,2019-07-29T20:36:50.685Z,sell,1.915e-05,219.0,0.004193850000000001
STORJ/BTC,1564432612048,2019-07-29T20:36:52.048Z,buy,1.916e-05,219.0,0.00419604
STORJ/BTC,1564432612767,2019-07-29T20:36:52.767Z,buy,1.916e-05,3487.0,0.06681092
STORJ/BTC,1564432612767,2019-07-29T20:36:52.767Z,buy,1.918e-05,200.0,0.003836
STORJ/BTC,1564432613814,2019-07-29T20:36:53.814Z,buy,1.918e-05,17.0,0.00032606
STORJ/BTC,1564432613814,2019-07-29T20:36:53.814Z,buy,1.919e-05,746.0,0.01431574
STORJ/BTC,1564432613886,2019-07-29T20:36:53.886Z,buy,1.919e-05,103.0,0.00197657
STORJ/BTC,1564432919098,2019-07-29T20:41:59.098Z,sell,1.914e-05,349.0,0.00667986
STORJ/BTC,1564432919098,2019-07-29T20:41:59.098Z,sell,1.913e-05,349.0,0.006676370000000001
STORJ/BTC,1564433310949,2019-07-29T20:48:30.949Z,sell,1.905e-05,401.0,0.00763905
STORJ/BTC,1564433310949,2019-07-29T20:48:30.949Z,sell,1.904e-05,12.0,0.00022848
STORJ/BTC,1564433310949,2019-07-29T20:48:30.949Z,sell,1.903e-05,728.0,0.01385384
STORJ/BTC,1564433310949,2019-07-29T20:48:30.949Z,sell,1.902e-05,628.0,0.01194456
STORJ/BTC,1564433310969,2019-07-29T20:48:30.969Z,buy,1.904e-05,401.0,0.00763504
STORJ/BTC,1564433311868,2019-07-29T20:48:31.868Z,buy,1.904e-05,620.0,0.0118048
STORJ/BTC,1564433312463,2019-07-29T20:48:32.463Z,sell,1.903e-05,103.0,0.00196009
STORJ/BTC,1564433312489,2019-07-29T20:48:32.489Z,buy,1.904e-05,398.0,0.00757792
STORJ/BTC,1564433329478,2019-07-29T20:48:49.478Z,sell,1.903e-05,3937.0,0.07492111
STORJ/BTC,1564433329478,2019-07-29T20:48:49.478Z,sell,1.902e-05,3232.0,0.06147264
STORJ/BTC,1564433466508,2019-07-29T20:51:06.508Z,sell,1.902e-05,136.0,0.0025867200000000003
STORJ/BTC,1564433470973,2019-07-29T20:51:10.973Z,buy,1.902e-05,444.0,0.00844488
STORJ/BTC,1564433488981,2019-07-29T20:51:28.981Z,sell,1.9e-05,364.0,0.006916
STORJ/BTC,1564433496095,2019-07-29T20:51:36.095Z,buy,1.902e-05,17.0,0.00032334000000000003
STORJ/BTC,1564433496095,2019-07-29T20:51:36.095Z,buy,1.903e-05,14.0,0.00026641999999999996
STORJ/BTC,1564433496095,2019-07-29T20:51:36.095Z,buy,1.909e-05,126.0,0.0024053399999999997
STORJ/BTC,1564433563051,2019-07-29T20:52:43.051Z,sell,1.901e-05,129.0,0.0024522899999999998
STORJ/BTC,1564433564063,2019-07-29T20:52:44.063Z,sell,1.898e-05,871.0,0.01653158
STORJ/BTC,1564433713902,2019-07-29T20:55:13.902Z,sell,1.898e-05,100.0,0.0018980000000000002
STORJ/BTC,1564433856785,2019-07-29T20:57:36.785Z,sell,1.898e-05,700.0,0.013286000000000001
STORJ/BTC,1564433856785,2019-07-29T20:57:36.785Z,sell,1.897e-05,55.0,0.00104335
STORJ/BTC,1564433856785,2019-07-29T20:57:36.785Z,sell,1.896e-05,6.0,0.00011376000000000001
STORJ/BTC,1564433856785,2019-07-29T20:57:36.785Z,sell,1.895e-05,148.0,0.0028046
STORJ/BTC,1564433856785,2019-07-29T20:57:36.785Z,sell,1.894e-05,2731.0,0.05172514
STORJ/BTC,1564433856785,2019-07-29T20:57:36.785Z,sell,1.893e-05,712.0,0.01347816
STORJ/BTC,1564433856785,2019-07-29T20:57:36.785Z,sell,1.892e-05,20.0,0.0003784
STORJ/BTC,1564433856785,2019-07-29T20:57:36.785Z,sell,1.891e-05,8.0,0.00015128
STORJ/BTC,1564433856785,2019-07-29T20:57:36.785Z,sell,1.89e-05,9751.0,0.18429389999999998
STORJ/BTC,1564433856895,2019-07-29T20:57:36.895Z,sell,1.898e-05,700.0,0.013286000000000001
STORJ/BTC,1564433857955,2019-07-29T20:57:37.955Z,sell,1.89e-05,1088.0,0.020563199999999997
STORJ/BTC,1564433858086,2019-07-29T20:57:38.086Z,sell,1.89e-05,783.0,0.0147987
STORJ/BTC,1564433859999,2019-07-29T20:57:39.999Z,buy,1.893e-05,1725.0,0.03265425
STORJ/BTC,1564433902283,2019-07-29T20:58:22.283Z,buy,1.892e-05,2.0,3.784e-05
STORJ/BTC,1564433904535,2019-07-29T20:58:24.535Z,sell,1.891e-05,17.0,0.00032147
STORJ/BTC,1564433905823,2019-07-29T20:58:25.823Z,buy,1.892e-05,11.0,0.00020811999999999998
STORJ/BTC,1564433905823,2019-07-29T20:58:25.823Z,buy,1.897e-05,635.0,0.01204595
STORJ/BTC,1564433905823,2019-07-29T20:58:25.823Z,buy,1.9e-05,2723.0,0.051737000000000005
STORJ/BTC,1564433905823,2019-07-29T20:58:25.823Z,buy,1.901e-05,116.0,0.00220516
STORJ/BTC,1564433905823,2019-07-29T20:58:25.823Z,buy,1.902e-05,158.0,0.00300516
STORJ/BTC,1564433905823,2019-07-29T20:58:25.823Z,buy,1.906e-05,20.0,0.0003812
STORJ/BTC,1564433905823,2019-07-29T20:58:25.823Z,buy,1.908e-05,3323.0,0.06340284
STORJ/BTC,1564433905823,2019-07-29T20:58:25.823Z,buy,1.909e-05,2484.0,0.04741956
STORJ/BTC,1564433906631,2019-07-29T20:58:26.631Z,buy,1.905e-05,297.0,0.00565785
STORJ/BTC,1564433906861,2019-07-29T20:58:26.861Z,buy,1.905e-05,1065.0,0.020288249999999997
STORJ/BTC,1564433906861,2019-07-29T20:58:26.861Z,buy,1.905e-05,1065.0,0.020288249999999997
STORJ/BTC,1564434011108,2019-07-29T21:00:11.108Z,sell,1.906e-05,197.0,0.0037548200000000003
STORJ/BTC,1564434011870,2019-07-29T21:00:11.870Z,sell,1.906e-05,154.0,0.00293524
STORJ/BTC,1564434011870,2019-07-29T21:00:11.870Z,sell,1.902e-05,285.0,0.0054207000000000005
STORJ/BTC,1564434194828,2019-07-29T21:03:14.828Z,buy,1.913e-05,2.0,3.826e-05
STORJ/BTC,1564434205520,2019-07-29T21:03:25.520Z,sell,1.91e-05,17.0,0.0003247
STORJ/BTC,1564434331510,2019-07-29T21:05:31.510Z,buy,1.911e-05,17.0,0.00032487000000000005
STORJ/BTC,1564434419502,2019-07-29T21:06:59.502Z,buy,1.913e-05,2.0,3.826e-05
STORJ/BTC,1564434425841,2019-07-29T21:07:05.841Z,sell,1.91e-05,18.0,0.0003438
STORJ/BTC,1564434428827,2019-07-29T21:07:08.827Z,sell,1.91e-05,14.0,0.0002674
STORJ/BTC,1564434470518,2019-07-29T21:07:50.518Z,sell,1.91e-05,2560.0,0.048896
STORJ/BTC,1564434503428,2019-07-29T21:08:23.428Z,sell,1.91e-05,157.0,0.0029987
STORJ/BTC,1564434556492,2019-07-29T21:09:16.492Z,sell,1.91e-05,460.0,0.008786
STORJ/BTC,1564434952272,2019-07-29T21:15:52.272Z,sell,1.907e-05,38.0,0.0007246599999999999
STORJ/BTC,1564434952272,2019-07-29T21:15:52.272Z,sell,1.901e-05,214.0,0.00406814
STORJ/BTC,1564434954175,2019-07-29T21:15:54.175Z,sell,1.901e-05,38.0,0.00072238
STORJ/BTC,1564434975484,2019-07-29T21:16:15.484Z,buy,1.908e-05,6.0,0.00011448
STORJ/BTC,1564435054271,2019-07-29T21:17:34.271Z,buy,1.909e-05,15.0,0.00028635
STORJ/BTC,1564435451226,2019-07-29T21:24:11.226Z,buy,1.909e-05,2.0,3.818e-05
STORJ/BTC,1564435768103,2019-07-29T21:29:28.103Z,sell,1.902e-05,55.0,0.0010461000000000001
STORJ/BTC,1564435768103,2019-07-29T21:29:28.103Z,sell,1.9e-05,72.0,0.001368
STORJ/BTC,1564435768103,2019-07-29T21:29:28.103Z,sell,1.899e-05,2724.0,0.05172876
STORJ/BTC,1564435769019,2019-07-29T21:29:29.019Z,sell,1.897e-05,153.0,0.00290241
STORJ/BTC,1564435769019,2019-07-29T21:29:29.019Z,sell,1.896e-05,2926.0,0.055476960000000006
STORJ/BTC,1564435769930,2019-07-29T21:29:29.930Z,sell,1.904e-05,37.0,0.0007044800000000001
STORJ/BTC,1564435769930,2019-07-29T21:29:29.930Z,sell,1.896e-05,153.0,0.00290088
STORJ/BTC,1564435770845,2019-07-29T21:29:30.845Z,sell,1.898e-05,473.0,0.00897754
STORJ/BTC,1564435771808,2019-07-29T21:29:31.808Z,sell,1.894e-05,37.0,0.00070078
STORJ/BTC,1564436052150,2019-07-29T21:34:12.150Z,buy,1.9e-05,30.0,0.00057
STORJ/BTC,1564436142184,2019-07-29T21:35:42.184Z,buy,1.9e-05,30.0,0.00057
STORJ/BTC,1564436143351,2019-07-29T21:35:43.351Z,sell,1.893e-05,15.0,0.00028395
STORJ/BTC,1564436143355,2019-07-29T21:35:43.355Z,sell,1.893e-05,45.0,0.00085185
STORJ/BTC,1564436430488,2019-07-29T21:40:30.488Z,sell,1.895e-05,122.0,0.0023119
STORJ/BTC,1564436430488,2019-07-29T21:40:30.488Z,sell,1.894e-05,63.0,0.00119322
STORJ/BTC,1564436430488,2019-07-29T21:40:30.488Z,sell,1.893e-05,951.0,0.01800243
STORJ/BTC,1564436583928,2019-07-29T21:43:03.928Z,sell,1.895e-05,122.0,0.0023119
STORJ/BTC,1564436583928,2019-07-29T21:43:03.928Z,sell,1.894e-05,1221.0,0.023125740000000002
STORJ/BTC,1564436583950,2019-07-29T21:43:03.950Z,buy,1.894e-05,122.0,0.0023106800000000003
STORJ/BTC,1564436585282,2019-07-29T21:43:05.282Z,buy,1.894e-05,1541.0,0.029186540000000004
STORJ/BTC,1564436709234,2019-07-29T21:45:09.234Z,buy,1.898e-05,30.0,0.0005694000000000001
STORJ/BTC,1564436709323,2019-07-29T21:45:09.323Z,buy,1.898e-05,3.0,5.694000000000001e-05
STORJ/BTC,1564436710449,2019-07-29T21:45:10.449Z,sell,1.9e-05,40.0,0.00076
STORJ/BTC,1564436714795,2019-07-29T21:45:14.795Z,sell,1.892e-05,20.0,0.0003784
STORJ/BTC,1564436714795,2019-07-29T21:45:14.795Z,sell,1.888e-05,2818.0,0.053203839999999995
STORJ/BTC,1564436748422,2019-07-29T21:45:48.422Z,buy,1.896e-05,314.0,0.005953440000000001
STORJ/BTC,1564436748422,2019-07-29T21:45:48.422Z,buy,1.897e-05,3743.0,0.07100471
STORJ/BTC,1564436748422,2019-07-29T21:45:48.422Z,buy,1.9e-05,3035.0,0.057665
STORJ/BTC,1564436749314,2019-07-29T21:45:49.314Z,buy,1.901e-05,737.0,0.01401037
STORJ/BTC,1564437023584,2019-07-29T21:50:23.584Z,buy,1.905e-05,746.0,0.0142113
STORJ/BTC,1564437024079,2019-07-29T21:50:24.079Z,sell,1.905e-05,493.0,0.00939165
STORJ/BTC,1564437025157,2019-07-29T21:50:25.157Z,buy,1.906e-05,20.0,0.0003812
STORJ/BTC,1564437025336,2019-07-29T21:50:25.336Z,buy,1.907e-05,59.0,0.00112513
STORJ/BTC,1564437030926,2019-07-29T21:50:30.926Z,buy,1.911e-05,1162.0,0.02220582
STORJ/BTC,1564437030926,2019-07-29T21:50:30.926Z,buy,1.914e-05,3860.0,0.0738804
STORJ/BTC,1564437030989,2019-07-29T21:50:30.989Z,sell,1.914e-05,140.0,0.0026796
STORJ/BTC,1564437030993,2019-07-29T21:50:30.993Z,sell,1.914e-05,47.0,0.00089958
STORJ/BTC,1564437033753,2019-07-29T21:50:33.753Z,buy,1.915e-05,2.0,3.83e-05
STORJ/BTC,1564437043036,2019-07-29T21:50:43.036Z,sell,1.906e-05,200.0,0.0038120000000000003
STORJ/BTC,1564437182560,2019-07-29T21:53:02.560Z,sell,1.906e-05,88.0,0.00167728
STORJ/BTC,1564437183473,2019-07-29T21:53:03.473Z,sell,1.906e-05,335.0,0.0063851
STORJ/BTC,1564437275690,2019-07-29T21:54:35.690Z,sell,1.906e-05,4099.0,0.07812694
STORJ/BTC,1564437275707,2019-07-29T21:54:35.707Z,buy,1.906e-05,372.0,0.00709032
STORJ/BTC,1564437474091,2019-07-29T21:57:54.091Z,buy,1.906e-05,141.0,0.00268746
STORJ/BTC,1564437474091,2019-07-29T21:57:54.091Z,buy,1.906e-05,141.0,0.00268746
STORJ/BTC,1564437545416,2019-07-29T21:59:05.416Z,buy,1.906e-05,525.0,0.0100065
STORJ/BTC,1564437617718,2019-07-29T22:00:17.718Z,sell,1.905e-05,504.0,0.009601199999999999
STORJ/BTC,1564437659117,2019-07-29T22:00:59.117Z,buy,1.906e-05,7.0,0.00013342
STORJ/BTC,1564437749811,2019-07-29T22:02:29.811Z,sell,1.905e-05,1.0,1.905e-05
STORJ/BTC,1564438224488,2019-07-29T22:10:24.488Z,buy,1.905e-05,2.0,3.81e-05
STORJ/BTC,1564438227925,2019-07-29T22:10:27.925Z,buy,1.905e-05,2.0,3.81e-05
STORJ/BTC,1564438293576,2019-07-29T22:11:33.576Z,sell,1.9e-05,595.0,0.011305
STORJ/BTC,1564438293576,2019-07-29T22:11:33.576Z,sell,1.898e-05,144.0,0.0027331200000000003
STORJ/BTC,1564438293576,2019-07-29T22:11:33.576Z,sell,1.895e-05,2698.0,0.0511271
STORJ/BTC,1564438293576,2019-07-29T22:11:33.576Z,sell,1.892e-05,63.0,0.00119196
STORJ/BTC,1564438294472,2019-07-29T22:11:34.472Z,sell,1.894e-05,36.0,0.0006818400000000001
STORJ/BTC,1564438318949,2019-07-29T22:11:58.949Z,sell,1.893e-05,22.0,0.00041646
STORJ/BTC,1564438527576,2019-07-29T22:15:27.576Z,buy,1.904e-05,6.0,0.00011424
STORJ/BTC,1564438647964,2019-07-29T22:17:27.964Z,buy,1.904e-05,6.0,0.00011424
STORJ/BTC,1564438706005,2019-07-29T22:18:26.005Z,buy,1.904e-05,6.0,0.00011424
STORJ/BTC,1564438716089,2019-07-29T22:18:36.089Z,buy,1.904e-05,140.0,0.0026656
STORJ/BTC,1564438721331,2019-07-29T22:18:41.331Z,sell,1.9e-05,6.0,0.000114
STORJ/BTC,1564438721331,2019-07-29T22:18:41.331Z,sell,1.899e-05,106.0,0.00201294
STORJ/BTC,1564438721331,2019-07-29T22:18:41.331Z,sell,1.897e-05,204.0,0.00386988
STORJ/BTC,1564438721331,2019-07-29T22:18:41.331Z,sell,1.896e-05,90.0,0.0017064
STORJ/BTC,1564438772902,2019-07-29T22:19:32.902Z,buy,1.904e-05,30.0,0.0005712
STORJ/BTC,1564438772927,2019-07-29T22:19:32.927Z,buy,1.904e-05,30.0,0.0005712
STORJ/BTC,1564438861212,2019-07-29T22:21:01.212Z,sell,1.9e-05,500.0,0.0095
STORJ/BTC,1564438861212,2019-07-29T22:21:01.212Z,sell,1.896e-05,261.0,0.00494856
STORJ/BTC,1564438861212,2019-07-29T22:21:01.212Z,sell,1.893e-05,452.0,0.00855636
STORJ/BTC,1564439353918,2019-07-29T22:29:13.918Z,sell,1.894e-05,61.0,0.0011553400000000001
STORJ/BTC,1564439354543,2019-07-29T22:29:14.543Z,buy,1.893e-05,256.0,0.00484608
STORJ/BTC,1564439470551,2019-07-29T22:31:10.551Z,buy,1.9e-05,2.0,3.8e-05
STORJ/BTC,1564439485107,2019-07-29T22:31:25.107Z,buy,1.9e-05,122.0,0.002318
STORJ/BTC,1564439491778,2019-07-29T22:31:31.778Z,sell,1.9e-05,335.0,0.006365
STORJ/BTC,1564439595087,2019-07-29T22:33:15.087Z,sell,1.9e-05,2044.0,0.038836
STORJ/BTC,1564439755344,2019-07-29T22:35:55.344Z,buy,1.904e-05,60.0,0.0011424
STORJ/BTC,1564439755344,2019-07-29T22:35:55.344Z,buy,1.905e-05,759.0,0.01445895
STORJ/BTC,1564439755344,2019-07-29T22:35:55.344Z,buy,1.906e-05,2801.0,0.05338706
STORJ/BTC,1564439755344,2019-07-29T22:35:55.344Z,buy,1.909e-05,700.0,0.013362999999999998
STORJ/BTC,1564439755344,2019-07-29T22:35:55.344Z,buy,1.91e-05,1020.0,0.019482
STORJ/BTC,1564439755344,2019-07-29T22:35:55.344Z,buy,1.911e-05,2706.0,0.051711660000000007
STORJ/BTC,1564439755344,2019-07-29T22:35:55.344Z,buy,1.913e-05,8992.0,0.17201696000000002
STORJ/BTC,1564439755344,2019-07-29T22:35:55.344Z,buy,1.915e-05,1408.0,0.026963200000000003
STORJ/BTC,1564439755344,2019-07-29T22:35:55.344Z,buy,1.916e-05,8.0,0.00015328
STORJ/BTC,1564439755344,2019-07-29T22:35:55.344Z,buy,1.919e-05,163.0,0.0031279700000000003
STORJ/BTC,1564439755344,2019-07-29T22:35:55.344Z,buy,1.92e-05,1897.0,0.0364224
STORJ/BTC,1564439755344,2019-07-29T22:35:55.344Z,buy,1.922e-05,840.0,0.0161448
STORJ/BTC,1564439755344,2019-07-29T22:35:55.344Z,buy,1.923e-05,5280.0,0.1015344
STORJ/BTC,1564439755344,2019-07-29T22:35:55.344Z,buy,1.924e-05,227.0,0.00436748
STORJ/BTC,1564439755344,2019-07-29T22:35:55.344Z,buy,1.929e-05,826.0,0.01593354
STORJ/BTC,1564439755344,2019-07-29T22:35:55.344Z,buy,1.93e-05,6.0,0.00011580000000000001
STORJ/BTC,1564439755368,2019-07-29T22:35:55.368Z,sell,1.93e-05,13918.0,0.2686174
STORJ/BTC,1564439755385,2019-07-29T22:35:55.385Z,sell,1.93e-05,178.0,0.0034354000000000003
STORJ/BTC,1564439755393,2019-07-29T22:35:55.393Z,sell,1.93e-05,13949.0,0.2692157
STORJ/BTC,1564439755395,2019-07-29T22:35:55.395Z,sell,1.93e-05,222.0,0.0042846
STORJ/BTC,1564439755396,2019-07-29T22:35:55.396Z,sell,1.93e-05,2333.0,0.0450269
STORJ/BTC,1564439755396,2019-07-29T22:35:55.396Z,sell,1.93e-05,1095.0,0.021133500000000003
STORJ/BTC,1564439755403,2019-07-29T22:35:55.403Z,sell,1.93e-05,3653.0,0.07050290000000001
STORJ/BTC,1564439755410,2019-07-29T22:35:55.410Z,sell,1.93e-05,692.0,0.0133556
STORJ/BTC,1564439755429,2019-07-29T22:35:55.429Z,buy,1.932e-05,34.0,0.0006568800000000001
STORJ/BTC,1564439755433,2019-07-29T22:35:55.433Z,sell,1.931e-05,34.0,0.0006565399999999999
STORJ/BTC,1564439755433,2019-07-29T22:35:55.433Z,sell,1.93e-05,4097.0,0.0790721
STORJ/BTC,1564439755436,2019-07-29T22:35:55.436Z,buy,1.932e-05,117.0,0.0022604400000000003
STORJ/BTC,1564439755436,2019-07-29T22:35:55.436Z,buy,1.933e-05,829.0,0.01602457
STORJ/BTC,1564439755436,2019-07-29T22:35:55.436Z,buy,1.934e-05,20.0,0.0003868
STORJ/BTC,1564439755436,2019-07-29T22:35:55.436Z,buy,1.936e-05,1051.0,0.020347360000000002
STORJ/BTC,1564439755436,2019-07-29T22:35:55.436Z,sell,1.93e-05,4710.0,0.09090300000000001
STORJ/BTC,1564439755452,2019-07-29T22:35:55.452Z,sell,1.93e-05,4779.0,0.0922347
STORJ/BTC,1564439755481,2019-07-29T22:35:55.481Z,sell,1.93e-05,4303.0,0.08304790000000001
STORJ/BTC,1564439755498,2019-07-29T22:35:55.498Z,sell,1.93e-05,700.0,0.013510000000000001
STORJ/BTC,1564439755510,2019-07-29T22:35:55.510Z,sell,1.93e-05,640.0,0.012352000000000002
STORJ/BTC,1564439755526,2019-07-29T22:35:55.526Z,sell,1.93e-05,2783.0,0.05371190000000001
STORJ/BTC,1564439755530,2019-07-29T22:35:55.530Z,sell,1.93e-05,1048.0,0.020226400000000002
STORJ/BTC,1564439755536,2019-07-29T22:35:55.536Z,sell,1.93e-05,2067.0,0.0398931
STORJ/BTC,1564439755539,2019-07-29T22:35:55.539Z,sell,1.93e-05,2529.0,0.048809700000000004
STORJ/BTC,1564439755631,2019-07-29T22:35:55.631Z,sell,1.915e-05,3738.0,0.0715827
STORJ/BTC,1564439755641,2019-07-29T22:35:55.641Z,buy,1.928e-05,20.0,0.00038559999999999994
STORJ/BTC,1564439755650,2019-07-29T22:35:55.650Z,sell,1.915e-05,1888.0,0.036155200000000005
STORJ/BTC,1564439756091,2019-07-29T22:35:56.091Z,sell,1.915e-05,150.0,0.0028725
STORJ/BTC,1564439756091,2019-07-29T22:35:56.091Z,sell,1.914e-05,2409.0,0.04610826
STORJ/BTC,1564439756568,2019-07-29T22:35:56.568Z,buy,1.927e-05,1400.0,0.026978
STORJ/BTC,1564439756587,2019-07-29T22:35:56.587Z,buy,1.926e-05,150.0,0.0028889999999999996
STORJ/BTC,1564439756587,2019-07-29T22:35:56.587Z,buy,1.927e-05,1450.0,0.0279415
STORJ/BTC,1564439756617,2019-07-29T22:35:56.617Z,buy,1.927e-05,1594.0,0.03071638
STORJ/BTC,1564439757157,2019-07-29T22:35:57.157Z,sell,1.923e-05,218.0,0.0041921400000000004
STORJ/BTC,1564439757157,2019-07-29T22:35:57.157Z,sell,1.92e-05,20.0,0.000384
STORJ/BTC,1564439757157,2019-07-29T22:35:57.157Z,sell,1.916e-05,150.0,0.002874
STORJ/BTC,1564439757157,2019-07-29T22:35:57.157Z,sell,1.912e-05,349.0,0.00667288
STORJ/BTC,1564439757157,2019-07-29T22:35:57.157Z,sell,1.911e-05,1740.0,0.0332514
STORJ/BTC,1564439757568,2019-07-29T22:35:57.568Z,sell,1.917e-05,2002.0,0.038378340000000004
STORJ/BTC,1564439757673,2019-07-29T22:35:57.673Z,buy,1.926e-05,138.0,0.0026578799999999996
STORJ/BTC,1564439757673,2019-07-29T22:35:57.673Z,buy,1.927e-05,2731.0,0.05262637
STORJ/BTC,1564439757673,2019-07-29T22:35:57.673Z,buy,1.928e-05,907.0,0.01748696
STORJ/BTC,1564439757814,2019-07-29T22:35:57.814Z,buy,1.926e-05,138.0,0.0026578799999999996
STORJ/BTC,1564439757814,2019-07-29T22:35:57.814Z,buy,1.928e-05,24.0,0.00046271999999999996
STORJ/BTC,1564439757820,2019-07-29T22:35:57.820Z,buy,1.929e-05,740.0,0.0142746
STORJ/BTC,1564439757883,2019-07-29T22:35:57.883Z,sell,1.928e-05,104.0,0.00200512
STORJ/BTC,1564439757969,2019-07-29T22:35:57.969Z,buy,1.929e-05,35.0,0.00067515
STORJ/BTC,1564439758573,2019-07-29T22:35:58.573Z,sell,1.928e-05,813.0,0.01567464
STORJ/BTC,1564439759203,2019-07-29T22:35:59.203Z,sell,1.922e-05,700.0,0.013453999999999999
STORJ/BTC,1564439759228,2019-07-29T22:35:59.228Z,buy,1.917e-05,144.0,0.00276048
STORJ/BTC,1564439759515,2019-07-29T22:35:59.515Z,buy,1.928e-05,31.0,0.00059768
STORJ/BTC,1564439759515,2019-07-29T22:35:59.515Z,buy,1.929e-05,1646.0,0.03175134
STORJ/BTC,1564439759515,2019-07-29T22:35:59.515Z,buy,1.93e-05,2451.0,0.0473043
STORJ/BTC,1564439760140,2019-07-29T22:36:00.140Z,buy,1.929e-05,195.0,0.00376155
STORJ/BTC,1564439760140,2019-07-29T22:36:00.140Z,buy,1.93e-05,20.0,0.00038600000000000006
STORJ/BTC,1564439760292,2019-07-29T22:36:00.292Z,buy,1.929e-05,195.0,0.00376155
STORJ/BTC,1564439760364,2019-07-29T22:36:00.364Z,buy,1.929e-05,154.0,0.00297066
STORJ/BTC,1564439760364,2019-07-29T22:36:00.364Z,buy,1.93e-05,7686.0,0.14833980000000002
STORJ/BTC,1564439761175,2019-07-29T22:36:01.175Z,buy,1.93e-05,3168.0,0.061142400000000006
STORJ/BTC,1564439761963,2019-07-29T22:36:01.963Z,sell,1.922e-05,160.0,0.0030751999999999997
STORJ/BTC,1564439763564,2019-07-29T22:36:03.564Z,sell,1.924e-05,700.0,0.013467999999999999
STORJ/BTC,1564439763582,2019-07-29T22:36:03.582Z,sell,1.925e-05,150.0,0.0028875
STORJ/BTC,1564439763746,2019-07-29T22:36:03.746Z,buy,1.929e-05,150.0,0.0028935
STORJ/BTC,1564439763746,2019-07-29T22:36:03.746Z,buy,1.934e-05,887.0,0.017154580000000003
STORJ/BTC,1564439764190,2019-07-29T22:36:04.190Z,sell,1.924e-05,35.0,0.0006734
STORJ/BTC,1564439764209,2019-07-29T22:36:04.209Z,sell,1.924e-05,700.0,0.013467999999999999
STORJ/BTC,1564439764230,2019-07-29T22:36:04.230Z,sell,1.924e-05,115.0,0.0022126
STORJ/BTC,1564439764253,2019-07-29T22:36:04.253Z,sell,1.924e-05,150.0,0.0028859999999999997
STORJ/BTC,1564439765843,2019-07-29T22:36:05.843Z,buy,1.929e-05,150.0,0.0028935
STORJ/BTC,1564439765855,2019-07-29T22:36:05.855Z,buy,1.929e-05,150.0,0.0028935
STORJ/BTC,1564439765860,2019-07-29T22:36:05.860Z,buy,1.933e-05,908.0,0.01755164
STORJ/BTC,1564439765860,2019-07-29T22:36:05.860Z,buy,1.933e-05,1282.0,0.02478106
STORJ/BTC,1564439765869,2019-07-29T22:36:05.869Z,buy,1.933e-05,150.0,0.0028994999999999997
STORJ/BTC,1564439765876,2019-07-29T22:36:05.876Z,buy,1.933e-05,150.0,0.0028994999999999997
STORJ/BTC,1564439766586,2019-07-29T22:36:06.586Z,buy,1.922e-05,147.0,0.00282534
STORJ/BTC,1564439770313,2019-07-29T22:36:10.313Z,buy,1.929e-05,352.0,0.00679008
STORJ/BTC,1564439770313,2019-07-29T22:36:10.313Z,buy,1.933e-05,185.0,0.00357605
STORJ/BTC,1564439770313,2019-07-29T22:36:10.313Z,buy,1.936e-05,218.0,0.00422048
STORJ/BTC,1564439770313,2019-07-29T22:36:10.313Z,buy,1.937e-05,931.0,0.01803347
STORJ/BTC,1564439773134,2019-07-29T22:36:13.134Z,buy,1.928e-05,211.0,0.00406808
STORJ/BTC,1564439773134,2019-07-29T22:36:13.134Z,buy,1.929e-05,352.0,0.00679008
STORJ/BTC,1564439773134,2019-07-29T22:36:13.134Z,buy,1.937e-05,651.0,0.012609869999999999
STORJ/BTC,1564439775462,2019-07-29T22:36:15.462Z,sell,1.929e-05,130.0,0.0025077
STORJ/BTC,1564439775484,2019-07-29T22:36:15.484Z,sell,1.929e-05,207.0,0.00399303
STORJ/BTC,1564439776572,2019-07-29T22:36:16.572Z,sell,1.929e-05,150.0,0.0028935
STORJ/BTC,1564439777572,2019-07-29T22:36:17.572Z,sell,1.93e-05,150.0,0.0028950000000000004
STORJ/BTC,1564439782572,2019-07-29T22:36:22.572Z,sell,1.93e-05,535.0,0.010325500000000001
STORJ/BTC,1564439786574,2019-07-29T22:36:26.574Z,sell,1.93e-05,1391.0,0.026846300000000003
STORJ/BTC,1564439786599,2019-07-29T22:36:26.599Z,sell,1.929e-05,27.0,0.00052083
STORJ/BTC,1564439787570,2019-07-29T22:36:27.570Z,sell,1.93e-05,535.0,0.010325500000000001
STORJ/BTC,1564439790575,2019-07-29T22:36:30.575Z,sell,1.93e-05,673.0,0.012988900000000001
STORJ/BTC,1564439790575,2019-07-29T22:36:30.575Z,sell,1.929e-05,1605.0,0.03096045
STORJ/BTC,1564439791570,2019-07-29T22:36:31.570Z,sell,1.928e-05,309.0,0.005957519999999999
STORJ/BTC,1564439793976,2019-07-29T22:36:33.976Z,buy,1.936e-05,6.0,0.00011616
STORJ/BTC,1564439798776,2019-07-29T22:36:38.776Z,sell,1.928e-05,150.0,0.0028919999999999996
STORJ/BTC,1564439798776,2019-07-29T22:36:38.776Z,sell,1.927e-05,69.0,0.00132963
STORJ/BTC,1564439799117,2019-07-29T22:36:39.117Z,sell,1.928e-05,150.0,0.0028919999999999996
STORJ/BTC,1564439799117,2019-07-29T22:36:39.117Z,sell,1.927e-05,69.0,0.00132963
STORJ/BTC,1564439800571,2019-07-29T22:36:40.571Z,sell,1.929e-05,150.0,0.0028935
STORJ/BTC,1564439800607,2019-07-29T22:36:40.607Z,sell,1.93e-05,150.0,0.0028950000000000004
STORJ/BTC,1564439800628,2019-07-29T22:36:40.628Z,sell,1.93e-05,150.0,0.0028950000000000004
STORJ/BTC,1564439800650,2019-07-29T22:36:40.650Z,sell,1.93e-05,150.0,0.0028950000000000004
STORJ/BTC,1564439800674,2019-07-29T22:36:40.674Z,sell,1.93e-05,85.0,0.0016405
STORJ/BTC,1564439803574,2019-07-29T22:36:43.574Z,sell,1.93e-05,150.0,0.0028950000000000004
STORJ/BTC,1564439803574,2019-07-29T22:36:43.574Z,sell,1.929e-05,1455.0,0.02806695
STORJ/BTC,1564439803605,2019-07-29T22:36:43.605Z,sell,1.93e-05,150.0,0.0028950000000000004
STORJ/BTC,1564439803605,2019-07-29T22:36:43.605Z,sell,1.929e-05,150.0,0.0028935
STORJ/BTC,1564439804577,2019-07-29T22:36:44.577Z,sell,1.928e-05,150.0,0.0028919999999999996
STORJ/BTC,1564439805577,2019-07-29T22:36:45.577Z,sell,1.927e-05,428.0,0.00824756
STORJ/BTC,1564439806575,2019-07-29T22:36:46.575Z,sell,1.926e-05,2293.0,0.044163179999999996
STORJ/BTC,1564439807581,2019-07-29T22:36:47.581Z,sell,1.925e-05,1391.0,0.026776750000000002
STORJ/BTC,1564439808571,2019-07-29T22:36:48.571Z,sell,1.923e-05,1498.0,0.028806540000000002
STORJ/BTC,1564439808699,2019-07-29T22:36:48.699Z,sell,1.922e-05,18.0,0.00034596
STORJ/BTC,1564439809579,2019-07-29T22:36:49.579Z,sell,1.922e-05,3694.0,0.07099868
STORJ/BTC,1564439810571,2019-07-29T22:36:50.571Z,sell,1.921e-05,535.0,0.010277350000000001
STORJ/BTC,1564439812931,2019-07-29T22:36:52.931Z,buy,1.928e-05,77.0,0.0014845599999999998
STORJ/BTC,1564439814565,2019-07-29T22:36:54.565Z,buy,1.926e-05,23.0,0.00044298
STORJ/BTC,1564439814569,2019-07-29T22:36:54.569Z,sell,1.92e-05,1566.0,0.0300672
STORJ/BTC,1564439815573,2019-07-29T22:36:55.573Z,sell,1.919e-05,1070.0,0.0205333
STORJ/BTC,1564439815591,2019-07-29T22:36:55.591Z,sell,1.918e-05,6.0,0.00011507999999999999
STORJ/BTC,1564439816230,2019-07-29T22:36:56.230Z,buy,1.917e-05,219.0,0.00419823
STORJ/BTC,1564439816453,2019-07-29T22:36:56.453Z,buy,1.917e-05,219.0,0.00419823
STORJ/BTC,1564439816573,2019-07-29T22:36:56.573Z,sell,1.917e-05,1391.0,0.02666547
STORJ/BTC,1564439816573,2019-07-29T22:36:56.573Z,sell,1.916e-05,855.0,0.0163818
STORJ/BTC,1564439817096,2019-07-29T22:36:57.096Z,buy,1.92e-05,130.0,0.002496
STORJ/BTC,1564439817352,2019-07-29T22:36:57.352Z,buy,1.916e-05,219.0,0.00419604
STORJ/BTC,1564439817381,2019-07-29T22:36:57.381Z,buy,1.916e-05,30.0,0.0005748
STORJ/BTC,1564439817404,2019-07-29T22:36:57.404Z,buy,1.916e-05,219.0,0.00419604
STORJ/BTC,1564439817413,2019-07-29T22:36:57.413Z,buy,1.916e-05,189.0,0.00362124
STORJ/BTC,1564439817447,2019-07-29T22:36:57.447Z,buy,1.92e-05,20.0,0.000384
STORJ/BTC,1564439817447,2019-07-29T22:36:57.447Z,buy,1.921e-05,543.0,0.01043103
STORJ/BTC,1564439817447,2019-07-29T22:36:57.447Z,buy,1.925e-05,1893.0,0.03644025
STORJ/BTC,1564439817447,2019-07-29T22:36:57.447Z,buy,1.927e-05,264.0,0.0050872800000000004
STORJ/BTC,1564439817558,2019-07-29T22:36:57.558Z,sell,1.917e-05,219.0,0.00419823
STORJ/BTC,1564439818571,2019-07-29T22:36:58.571Z,sell,1.918e-05,535.0,0.0102613
STORJ/BTC,1564439818599,2019-07-29T22:36:58.599Z,sell,1.916e-05,219.0,0.00419604
STORJ/BTC,1564439821573,2019-07-29T22:37:01.573Z,sell,1.918e-05,130.0,0.0024934
STORJ/BTC,1564439826575,2019-07-29T22:37:06.575Z,sell,1.918e-05,150.0,0.002877
STORJ/BTC,1564439828078,2019-07-29T22:37:08.078Z,sell,1.917e-05,150.0,0.0028755
STORJ/BTC,1564439828078,2019-07-29T22:37:08.078Z,sell,1.916e-05,69.0,0.00132204
STORJ/BTC,1564439831570,2019-07-29T22:37:11.570Z,sell,1.918e-05,1498.0,0.02873164
STORJ/BTC,1564439833001,2019-07-29T22:37:13.001Z,buy,1.922e-05,25.0,0.00048049999999999997
STORJ/BTC,1564439839580,2019-07-29T22:37:19.580Z,sell,1.918e-05,150.0,0.002877
STORJ/BTC,1564439842213,2019-07-29T22:37:22.213Z,buy,1.92e-05,474.0,0.0091008
STORJ/BTC,1564439842213,2019-07-29T22:37:22.213Z,buy,1.921e-05,574.0,0.01102654
STORJ/BTC,1564439842805,2019-07-29T22:37:22.805Z,buy,1.919e-05,100.0,0.0019190000000000001
STORJ/BTC,1564439842864,2019-07-29T22:37:22.864Z,buy,1.919e-05,50.0,0.0009595000000000001
STORJ/BTC,1564439853195,2019-07-29T22:37:33.195Z,buy,1.921e-05,100.0,0.001921
STORJ/BTC,1564439861026,2019-07-29T22:37:41.026Z,buy,1.921e-05,35.0,0.00067235
STORJ/BTC,1564439866579,2019-07-29T22:37:46.579Z,sell,1.918e-05,150.0,0.002877
STORJ/BTC,1564439887531,2019-07-29T22:38:07.531Z,buy,1.922e-05,536.0,0.01030192
STORJ/BTC,1564439896584,2019-07-29T22:38:16.584Z,sell,1.919e-05,348.0,0.00667812
STORJ/BTC,1564439898578,2019-07-29T22:38:18.578Z,sell,1.918e-05,474.0,0.00909132
STORJ/BTC,1564439901098,2019-07-29T22:38:21.098Z,buy,1.919e-05,150.0,0.0028785
STORJ/BTC,1564439915333,2019-07-29T22:38:35.333Z,buy,1.919e-05,150.0,0.0028785
STORJ/BTC,1564439939541,2019-07-29T22:38:59.541Z,sell,1.915e-05,12.0,0.0002298
STORJ/BTC,1564440077181,2019-07-29T22:41:17.181Z,buy,1.919e-05,6.0,0.00011514000000000001
STORJ/BTC,1564440121135,2019-07-29T22:42:01.135Z,buy,1.919e-05,144.0,0.0027633600000000003
STORJ/BTC,1564440121609,2019-07-29T22:42:01.609Z,sell,1.919e-05,100.0,0.0019190000000000001
STORJ/BTC,1564440262359,2019-07-29T22:44:22.359Z,buy,1.921e-05,2.0,3.842e-05
STORJ/BTC,1564440286848,2019-07-29T22:44:46.848Z,buy,1.921e-05,10.0,0.0001921
STORJ/BTC,1564440350716,2019-07-29T22:45:50.716Z,buy,1.921e-05,2.0,3.842e-05
STORJ/BTC,1564440414197,2019-07-29T22:46:54.197Z,sell,1.918e-05,100.0,0.001918
STORJ/BTC,1564440414301,2019-07-29T22:46:54.301Z,buy,1.916e-05,40.0,0.0007664
STORJ/BTC,1564440423788,2019-07-29T22:47:03.788Z,sell,1.918e-05,150.0,0.002877
STORJ/BTC,1564440435475,2019-07-29T22:47:15.475Z,sell,1.919e-05,1434.0,0.02751846
STORJ/BTC,1564440435535,2019-07-29T22:47:15.535Z,buy,1.919e-05,415.0,0.00796385
STORJ/BTC,1564440437020,2019-07-29T22:47:17.020Z,buy,1.919e-05,24.0,0.00046056000000000005
STORJ/BTC,1564440437039,2019-07-29T22:47:17.039Z,buy,1.919e-05,114.0,0.00218766
STORJ/BTC,1564440461236,2019-07-29T22:47:41.236Z,sell,1.918e-05,63.0,0.00120834
STORJ/BTC,1564440462346,2019-07-29T22:47:42.346Z,sell,1.918e-05,35.0,0.0006713
STORJ/BTC,1564440489673,2019-07-29T22:48:09.673Z,sell,1.918e-05,52.0,0.0009973599999999999
STORJ/BTC,1564440490878,2019-07-29T22:48:10.878Z,sell,1.916e-05,150.0,0.002874
STORJ/BTC,1564440490878,2019-07-29T22:48:10.878Z,sell,1.915e-05,956.0,0.0183074
STORJ/BTC,1564440490878,2019-07-29T22:48:10.878Z,sell,1.914e-05,12.0,0.00022968
STORJ/BTC,1564440533245,2019-07-29T22:48:53.245Z,buy,1.917e-05,53.0,0.0010160100000000001
STORJ/BTC,1564440534723,2019-07-29T22:48:54.723Z,buy,1.917e-05,30.0,0.0005751
STORJ/BTC,1564440534746,2019-07-29T22:48:54.746Z,buy,1.917e-05,30.0,0.0005751
STORJ/BTC,1564440810193,2019-07-29T22:53:30.193Z,buy,1.917e-05,109.0,0.00208953
STORJ/BTC,1564440812663,2019-07-29T22:53:32.663Z,buy,1.917e-05,82.0,0.0015719400000000002
STORJ/BTC,1564440853670,2019-07-29T22:54:13.670Z,sell,1.917e-05,163.0,0.00312471
STORJ/BTC,1564440926641,2019-07-29T22:55:26.641Z,buy,1.918e-05,481.0,0.009225579999999999
STORJ/BTC,1564440926641,2019-07-29T22:55:26.641Z,buy,1.918e-05,481.0,0.009225579999999999
STORJ/BTC,1564441263702,2019-07-29T23:01:03.702Z,sell,1.917e-05,30.0,0.0005751
STORJ/BTC,1564441300149,2019-07-29T23:01:40.149Z,sell,1.917e-05,30.0,0.0005751
STORJ/BTC,1564441337055,2019-07-29T23:02:17.055Z,sell,1.919e-05,14.0,0.00026866
STORJ/BTC,1564441377355,2019-07-29T23:02:57.355Z,buy,1.922e-05,15.0,0.00028829999999999996
STORJ/BTC,1564441697289,2019-07-29T23:08:17.289Z,buy,1.922e-05,81.0,0.00155682
STORJ/BTC,1564441698988,2019-07-29T23:08:18.988Z,buy,1.922e-05,83.0,0.0015952599999999998
STORJ/BTC,1564441700137,2019-07-29T23:08:20.137Z,buy,1.922e-05,84.0,0.00161448
STORJ/BTC,1564441737069,2019-07-29T23:08:57.069Z,sell,1.92e-05,61.0,0.0011711999999999998
STORJ/BTC,1564441737752,2019-07-29T23:08:57.752Z,buy,1.92e-05,61.0,0.0011711999999999998
STORJ/BTC,1564441756408,2019-07-29T23:09:16.408Z,sell,1.919e-05,19.0,0.00036461
STORJ/BTC,1564441889967,2019-07-29T23:11:29.967Z,buy,1.92e-05,18.0,0.0003456
STORJ/BTC,1564441892072,2019-07-29T23:11:32.072Z,sell,1.92e-05,336.0,0.0064512
STORJ/BTC,1564442034956,2019-07-29T23:13:54.956Z,buy,1.921e-05,16.0,0.00030736
STORJ/BTC,1564442128533,2019-07-29T23:15:28.533Z,sell,1.919e-05,11.0,0.00021109
STORJ/BTC,1564442172520,2019-07-29T23:16:12.520Z,sell,1.92e-05,6.0,0.0001152
STORJ/BTC,1564442173863,2019-07-29T23:16:13.863Z,sell,1.92e-05,8.0,0.0001536
STORJ/BTC,1564442235632,2019-07-29T23:17:15.632Z,sell,1.92e-05,26.0,0.0004992
STORJ/BTC,1564442701399,2019-07-29T23:25:01.399Z,sell,1.92e-05,8.0,0.0001536
STORJ/BTC,1564442898752,2019-07-29T23:28:18.752Z,buy,1.923e-05,2.0,3.846e-05
STORJ/BTC,1564443088707,2019-07-29T23:31:28.707Z,sell,1.92e-05,577.0,0.011078399999999999
STORJ/BTC,1564443146613,2019-07-29T23:32:26.613Z,sell,1.919e-05,95.0,0.00182305
STORJ/BTC,1564443207207,2019-07-29T23:33:27.207Z,sell,1.919e-05,1072.0,0.020571680000000002
STORJ/BTC,1564443221333,2019-07-29T23:33:41.333Z,buy,1.916e-05,15.0,0.0002874
STORJ/BTC,1564443221333,2019-07-29T23:33:41.333Z,buy,1.918e-05,56.0,0.00107408
STORJ/BTC,1564443357523,2019-07-29T23:35:57.523Z,buy,1.919e-05,120.0,0.0023028000000000002
STORJ/BTC,1564443378773,2019-07-29T23:36:18.773Z,buy,1.919e-05,150.0,0.0028785
STORJ/BTC,1564443452349,2019-07-29T23:37:32.349Z,buy,1.921e-05,15.0,0.00028815000000000004
STORJ/BTC,1564443452349,2019-07-29T23:37:32.349Z,buy,1.922e-05,39.0,0.0007495799999999999
STORJ/BTC,1564443543610,2019-07-29T23:39:03.610Z,buy,1.922e-05,309.0,0.00593898
STORJ/BTC,1564443543610,2019-07-29T23:39:03.610Z,buy,1.923e-05,1306.0,0.025114380000000002
STORJ/BTC,1564443543610,2019-07-29T23:39:03.610Z,buy,1.925e-05,1873.0,0.036055250000000004
STORJ/BTC,1564443543940,2019-07-29T23:39:03.940Z,buy,1.922e-05,150.0,0.0028829999999999997
STORJ/BTC,1564443577443,2019-07-29T23:39:37.443Z,buy,1.925e-05,10.0,0.00019250000000000002
STORJ/BTC,1564443651710,2019-07-29T23:40:51.710Z,buy,1.925e-05,180.0,0.003465
STORJ/BTC,1564443652986,2019-07-29T23:40:52.986Z,buy,1.926e-05,155.0,0.0029852999999999998
STORJ/BTC,1564443681143,2019-07-29T23:41:21.143Z,sell,1.926e-05,192.0,0.0036979199999999995
STORJ/BTC,1564443681143,2019-07-29T23:41:21.143Z,sell,1.925e-05,201.0,0.00386925
STORJ/BTC,1564443736171,2019-07-29T23:42:16.171Z,sell,1.925e-05,215.0,0.00413875
STORJ/BTC,1564443755368,2019-07-29T23:42:35.368Z,sell,1.925e-05,215.0,0.00413875
STORJ/BTC,1564443780777,2019-07-29T23:43:00.777Z,buy,1.928e-05,16.0,0.00030848
STORJ/BTC,1564443780777,2019-07-29T23:43:00.777Z,buy,1.929e-05,150.0,0.0028935
STORJ/BTC,1564443780777,2019-07-29T23:43:00.777Z,buy,1.932e-05,430.0,0.0083076
STORJ/BTC,1564443780777,2019-07-29T23:43:00.777Z,buy,1.933e-05,1068.0,0.02064444
STORJ/BTC,1564443793232,2019-07-29T23:43:13.232Z,buy,1.93e-05,150.0,0.0028950000000000004
STORJ/BTC,1564443793232,2019-07-29T23:43:13.232Z,buy,1.932e-05,746.0,0.01441272
STORJ/BTC,1564443803933,2019-07-29T23:43:23.933Z,sell,1.932e-05,747.0,0.014432040000000002
STORJ/BTC,1564443817638,2019-07-29T23:43:37.638Z,buy,1.932e-05,150.0,0.0028980000000000004
STORJ/BTC,1564443839330,2019-07-29T23:43:59.330Z,buy,1.933e-05,64.0,0.00123712
STORJ/BTC,1564443839330,2019-07-29T23:43:59.330Z,buy,1.934e-05,20.0,0.0003868
STORJ/BTC,1564443839330,2019-07-29T23:43:59.330Z,buy,1.938e-05,1068.0,0.020697840000000002
STORJ/BTC,1564443841117,2019-07-29T23:44:01.117Z,sell,1.933e-05,100.0,0.001933
STORJ/BTC,1564443841668,2019-07-29T23:44:01.668Z,buy,1.936e-05,794.0,0.015371840000000001
STORJ/BTC,1564443841809,2019-07-29T23:44:01.809Z,buy,1.935e-05,100.0,0.0019349999999999999
STORJ/BTC,1564443841809,2019-07-29T23:44:01.809Z,buy,1.936e-05,677.0,0.01310672
STORJ/BTC,1564443842087,2019-07-29T23:44:02.087Z,buy,1.936e-05,230.0,0.0044528
STORJ/BTC,1564443842431,2019-07-29T23:44:02.431Z,buy,1.936e-05,198.0,0.00383328
STORJ/BTC,1564443842494,2019-07-29T23:44:02.494Z,buy,1.933e-05,272.0,0.00525776
STORJ/BTC,1564443843098,2019-07-29T23:44:03.098Z,buy,1.936e-05,27.0,0.0005227200000000001
STORJ/BTC,1564443843098,2019-07-29T23:44:03.098Z,buy,1.938e-05,6.0,0.00011628
STORJ/BTC,1564443843098,2019-07-29T23:44:03.098Z,buy,1.942e-05,121.0,0.00234982
STORJ/BTC,1564443843830,2019-07-29T23:44:03.830Z,sell,1.935e-05,104.0,0.0020124
STORJ/BTC,1564443845020,2019-07-29T23:44:05.020Z,sell,1.936e-05,30.0,0.0005808
STORJ/BTC,1564443846632,2019-07-29T23:44:06.632Z,sell,1.937e-05,23.0,0.00044551
STORJ/BTC,1564443848902,2019-07-29T23:44:08.902Z,buy,1.94e-05,150.0,0.0029100000000000003
STORJ/BTC,1564443848968,2019-07-29T23:44:08.968Z,sell,1.94e-05,967.0,0.0187598
STORJ/BTC,1564443849050,2019-07-29T23:44:09.050Z,sell,1.94e-05,150.0,0.0029100000000000003
STORJ/BTC,1564443849096,2019-07-29T23:44:09.096Z,buy,1.94e-05,150.0,0.0029100000000000003
STORJ/BTC,1564443849096,2019-07-29T23:44:09.096Z,buy,1.941e-05,876.0,0.01700316
STORJ/BTC,1564443850311,2019-07-29T23:44:10.311Z,buy,1.942e-05,110.0,0.0021362
STORJ/BTC,1564443850311,2019-07-29T23:44:10.311Z,buy,1.945e-05,5153.0,0.10022584999999999
STORJ/BTC,1564443850311,2019-07-29T23:44:10.311Z,buy,1.946e-05,49.0,0.00095354
STORJ/BTC,1564443850384,2019-07-29T23:44:10.384Z,buy,1.946e-05,31.0,0.00060326
STORJ/BTC,1564443850384,2019-07-29T23:44:10.384Z,buy,1.947e-05,71.0,0.0013823700000000002
STORJ/BTC,1564443850674,2019-07-29T23:44:10.674Z,buy,1.945e-05,700.0,0.013614999999999999
STORJ/BTC,1564443850964,2019-07-29T23:44:10.964Z,sell,1.945e-05,281.0,0.005465449999999999
STORJ/BTC,1564443851108,2019-07-29T23:44:11.108Z,buy,1.947e-05,1662.0,0.03235914
STORJ/BTC,1564443851108,2019-07-29T23:44:11.108Z,buy,1.948e-05,2.0,3.896e-05
STORJ/BTC,1564443851280,2019-07-29T23:44:11.280Z,sell,1.946e-05,33.0,0.00064218
STORJ/BTC,1564443851316,2019-07-29T23:44:11.316Z,sell,1.946e-05,97.0,0.00188762
STORJ/BTC,1564443851927,2019-07-29T23:44:11.927Z,buy,1.948e-05,18.0,0.00035064
STORJ/BTC,1564443851927,2019-07-29T23:44:11.927Z,buy,1.949e-05,6.0,0.00011694
STORJ/BTC,1564443851927,2019-07-29T23:44:11.927Z,buy,1.95e-05,77.0,0.0015015
STORJ/BTC,1564443851927,2019-07-29T23:44:11.927Z,buy,1.951e-05,612.0,0.01194012
STORJ/BTC,1564443851927,2019-07-29T23:44:11.927Z,buy,1.952e-05,1000.0,0.01952
STORJ/BTC,1564443851927,2019-07-29T23:44:11.927Z,buy,1.953e-05,1039.0,0.02029167
STORJ/BTC,1564443852190,2019-07-29T23:44:12.190Z,sell,1.946e-05,17.0,0.00033082
STORJ/BTC,1564443852230,2019-07-29T23:44:12.230Z,sell,1.946e-05,30.0,0.0005838
STORJ/BTC,1564443854132,2019-07-29T23:44:14.132Z,buy,1.953e-05,319.0,0.006230070000000001
STORJ/BTC,1564443854147,2019-07-29T23:44:14.147Z,buy,1.953e-05,137.0,0.00267561
STORJ/BTC,1564443854578,2019-07-29T23:44:14.578Z,buy,1.953e-05,6.0,0.00011718000000000001
STORJ/BTC,1564443855377,2019-07-29T23:44:15.377Z,sell,1.949e-05,150.0,0.0029235000000000003
STORJ/BTC,1564443855377,2019-07-29T23:44:15.377Z,sell,1.947e-05,117.0,0.00227799
STORJ/BTC,1564443855853,2019-07-29T23:44:15.853Z,buy,1.953e-05,110.0,0.0021483
STORJ/BTC,1564443855970,2019-07-29T23:44:15.970Z,sell,1.95e-05,150.0,0.002925
STORJ/BTC,1564443857281,2019-07-29T23:44:17.281Z,sell,1.951e-05,99.0,0.0019314900000000001
STORJ/BTC,1564443857311,2019-07-29T23:44:17.311Z,sell,1.951e-05,51.0,0.0009950100000000002
STORJ/BTC,1564443858908,2019-07-29T23:44:18.908Z,sell,1.951e-05,58.0,0.00113158
STORJ/BTC,1564443859808,2019-07-29T23:44:19.808Z,buy,1.953e-05,24.0,0.00046872000000000005
STORJ/BTC,1564443859844,2019-07-29T23:44:19.844Z,buy,1.953e-05,72.0,0.00140616
STORJ/BTC,1564443860971,2019-07-29T23:44:20.971Z,sell,1.95e-05,700.0,0.013649999999999999
STORJ/BTC,1564443861141,2019-07-29T23:44:21.141Z,buy,1.952e-05,144.0,0.00281088
STORJ/BTC,1564443861141,2019-07-29T23:44:21.141Z,buy,1.953e-05,172.0,0.0033591600000000004
STORJ/BTC,1564443862975,2019-07-29T23:44:22.975Z,sell,1.951e-05,150.0,0.0029265000000000003
STORJ/BTC,1564443862975,2019-07-29T23:44:22.975Z,sell,1.95e-05,700.0,0.013649999999999999
STORJ/BTC,1564443865769,2019-07-29T23:44:25.769Z,sell,1.947e-05,32.0,0.00062304
STORJ/BTC,1564443865795,2019-07-29T23:44:25.795Z,sell,1.947e-05,118.0,0.0022974600000000003
STORJ/BTC,1564443865888,2019-07-29T23:44:25.888Z,buy,1.951e-05,150.0,0.0029265000000000003
STORJ/BTC,1564443865888,2019-07-29T23:44:25.888Z,buy,1.952e-05,165.0,0.0032208
STORJ/BTC,1564443866968,2019-07-29T23:44:26.968Z,sell,1.948e-05,150.0,0.002922
STORJ/BTC,1564443867473,2019-07-29T23:44:27.473Z,buy,1.951e-05,150.0,0.0029265000000000003
STORJ/BTC,1564443867473,2019-07-29T23:44:27.473Z,buy,1.952e-05,1908.0,0.03724416
STORJ/BTC,1564443867473,2019-07-29T23:44:27.473Z,buy,1.953e-05,9293.0,0.18149229
STORJ/BTC,1564443867473,2019-07-29T23:44:27.473Z,buy,1.954e-05,94.0,0.00183676
STORJ/BTC,1564443867473,2019-07-29T23:44:27.473Z,buy,1.955e-05,83.0,0.00162265
STORJ/BTC,1564443867968,2019-07-29T23:44:27.968Z,sell,1.955e-05,398.0,0.0077809
STORJ/BTC,1564443867976,2019-07-29T23:44:27.976Z,sell,1.955e-05,1528.0,0.0298724
STORJ/BTC,1564443869377,2019-07-29T23:44:29.377Z,sell,1.949e-05,150.0,0.0029235000000000003
STORJ/BTC,1564443869377,2019-07-29T23:44:29.377Z,sell,1.947e-05,343.0,0.00667821
STORJ/BTC,1564443869377,2019-07-29T23:44:29.377Z,sell,1.945e-05,531.0,0.010327949999999999
STORJ/BTC,1564443869968,2019-07-29T23:44:29.968Z,sell,1.95e-05,150.0,0.002925
STORJ/BTC,1564443870160,2019-07-29T23:44:30.160Z,sell,1.946e-05,150.0,0.002919
STORJ/BTC,1564443870160,2019-07-29T23:44:30.160Z,sell,1.945e-05,2250.0,0.043762499999999996
STORJ/BTC,1564443870237,2019-07-29T23:44:30.237Z,sell,1.945e-05,33.0,0.0006418499999999999
STORJ/BTC,1564443870974,2019-07-29T23:44:30.974Z,sell,1.945e-05,165.0,0.00320925
STORJ/BTC,1564443871404,2019-07-29T23:44:31.404Z,buy,1.947e-05,150.0,0.0029205000000000004
STORJ/BTC,1564443871404,2019-07-29T23:44:31.404Z,buy,1.952e-05,808.0,0.01577216
STORJ/BTC,1564443873975,2019-07-29T23:44:33.975Z,sell,1.943e-05,150.0,0.0029145
STORJ/BTC,1564443875971,2019-07-29T23:44:35.971Z,sell,1.942e-05,244.0,0.00473848
STORJ/BTC,1564443876967,2019-07-29T23:44:36.967Z,sell,1.94e-05,77.0,0.0014938
STORJ/BTC,1564443877763,2019-07-29T23:44:37.763Z,buy,1.943e-05,30.0,0.0005828999999999999
STORJ/BTC,1564443878102,2019-07-29T23:44:38.102Z,buy,1.943e-05,306.0,0.00594558
STORJ/BTC,1564443880289,2019-07-29T23:44:40.289Z,buy,1.942e-05,100.0,0.0019420000000000001
STORJ/BTC,1564443912548,2019-07-29T23:45:12.548Z,sell,1.937e-05,11.0,0.00021307
STORJ/BTC,1564443912548,2019-07-29T23:45:12.548Z,sell,1.936e-05,91.0,0.00176176
STORJ/BTC,1564443915514,2019-07-29T23:45:15.514Z,buy,1.94e-05,6.0,0.00011640000000000001
STORJ/BTC,1564443915514,2019-07-29T23:45:15.514Z,buy,1.943e-05,14.0,0.00027202
STORJ/BTC,1564443919395,2019-07-29T23:45:19.395Z,buy,1.943e-05,62.0,0.00120466
STORJ/BTC,1564443919395,2019-07-29T23:45:19.395Z,buy,1.944e-05,38.0,0.00073872
STORJ/BTC,1564443922346,2019-07-29T23:45:22.346Z,buy,1.944e-05,112.0,0.00217728
STORJ/BTC,1564443940976,2019-07-29T23:45:40.976Z,sell,1.945e-05,102.0,0.0019839
STORJ/BTC,1564443947469,2019-07-29T23:45:47.469Z,buy,1.95e-05,150.0,0.002925
STORJ/BTC,1564443962904,2019-07-29T23:46:02.904Z,sell,1.945e-05,150.0,0.0029175
STORJ/BTC,1564443962983,2019-07-29T23:46:02.983Z,sell,1.945e-05,150.0,0.0029175
STORJ/BTC,1564443963978,2019-07-29T23:46:03.978Z,sell,1.944e-05,1498.0,0.02912112
STORJ/BTC,1564443985978,2019-07-29T23:46:25.978Z,sell,1.941e-05,239.0,0.00463899
STORJ/BTC,1564444016158,2019-07-29T23:46:56.158Z,buy,1.948e-05,16.0,0.00031168
STORJ/BTC,1564444016158,2019-07-29T23:46:56.158Z,buy,1.949e-05,78.0,0.00152022
STORJ/BTC,1564444037041,2019-07-29T23:47:17.041Z,sell,1.938e-05,55.0,0.0010659
STORJ/BTC,1564444043166,2019-07-29T23:47:23.166Z,sell,1.938e-05,520.0,0.0100776
STORJ/BTC,1564444166751,2019-07-29T23:49:26.751Z,sell,1.938e-05,318.0,0.00616284
STORJ/BTC,1564444355021,2019-07-29T23:52:35.021Z,sell,1.938e-05,1375.0,0.0266475
STORJ/BTC,1564444388106,2019-07-29T23:53:08.106Z,sell,1.937e-05,155.0,0.00300235
STORJ/BTC,1564444388281,2019-07-29T23:53:08.281Z,sell,1.937e-05,406.0,0.00786422
STORJ/BTC,1564444399339,2019-07-29T23:53:19.339Z,buy,1.943e-05,87.0,0.0016904099999999998
STORJ/BTC,1564444404094,2019-07-29T23:53:24.094Z,sell,1.935e-05,150.0,0.0029024999999999997
STORJ/BTC,1564444405108,2019-07-29T23:53:25.108Z,sell,1.934e-05,26.0,0.0005028400000000001
STORJ/BTC,1564444405108,2019-07-29T23:53:25.108Z,sell,1.932e-05,322.0,0.006221040000000001
STORJ/BTC,1564444449981,2019-07-29T23:54:09.981Z,sell,1.931e-05,76.0,0.00146756
STORJ/BTC,1564444449981,2019-07-29T23:54:09.981Z,sell,1.929e-05,1552.0,0.02993808
STORJ/BTC,1564444452401,2019-07-29T23:54:12.401Z,sell,1.928e-05,11.0,0.00021208
STORJ/BTC,1564444453168,2019-07-29T23:54:13.168Z,buy,1.928e-05,100.0,0.0019279999999999998
STORJ/BTC,1564444453775,2019-07-29T23:54:13.775Z,buy,1.928e-05,14.0,0.00026992
STORJ/BTC,1564444464172,2019-07-29T23:54:24.172Z,sell,1.927e-05,127.0,0.00244729
STORJ/BTC,1564444464172,2019-07-29T23:54:24.172Z,sell,1.926e-05,2314.0,0.04456764
STORJ/BTC,1564444464172,2019-07-29T23:54:24.172Z,sell,1.925e-05,6208.0,0.119504
STORJ/BTC,1564444464305,2019-07-29T23:54:24.305Z,buy,1.925e-05,700.0,0.013475
STORJ/BTC,1564444467035,2019-07-29T23:54:27.035Z,buy,1.925e-05,30.0,0.0005775
STORJ/BTC,1564444473993,2019-07-29T23:54:33.993Z,buy,1.925e-05,195.0,0.00375375
STORJ/BTC,1564444475373,2019-07-29T23:54:35.373Z,buy,1.925e-05,813.0,0.01565025
STORJ/BTC,1564444477616,2019-07-29T23:54:37.616Z,buy,1.925e-05,762.0,0.014668500000000001
STORJ/BTC,1564444477616,2019-07-29T23:54:37.616Z,buy,1.925e-05,762.0,0.014668500000000001
STORJ/BTC,1564444543940,2019-07-29T23:55:43.940Z,sell,1.92e-05,2628.0,0.0504576
STORJ/BTC,1564444543940,2019-07-29T23:55:43.940Z,sell,1.918e-05,1326.0,0.02543268
STORJ/BTC,1564444588931,2019-07-29T23:56:28.931Z,sell,1.919e-05,663.0,0.01272297
STORJ/BTC,1564444628497,2019-07-29T23:57:08.497Z,buy,1.924e-05,30.0,0.0005771999999999999
STORJ/BTC,1564444662433,2019-07-29T23:57:42.433Z,buy,1.924e-05,13.0,0.00025012
STORJ/BTC,1564444752100,2019-07-29T23:59:12.100Z,buy,1.924e-05,40.0,0.0007696
STORJ/BTC,1564444758171,2019-07-29T23:59:18.171Z,buy,1.924e-05,2.0,3.848e-05
STORJ/BTC,1564444765035,2019-07-29T23:59:25.035Z,buy,1.924e-05,65.0,0.0012506
STORJ/BTC,1564444766146,2019-07-29T23:59:26.146Z,buy,1.928e-05,150.0,0.0028919999999999996
STORJ/BTC,1564444766146,2019-07-29T23:59:26.146Z,buy,1.929e-05,5.0,9.645e-05
STORJ/BTC,1564444766644,2019-07-29T23:59:26.644Z,buy,1.927e-05,150.0,0.0028905
STORJ/BTC,1564444780241,2019-07-29T23:59:40.241Z,buy,1.929e-05,299.0,0.00576771
STORJ/BTC,1564444780346,2019-07-29T23:59:40.346Z,buy,1.929e-05,150.0,0.0028935
STORJ/BTC,1564444793428,2019-07-29T23:59:53.428Z,sell,1.927e-05,150.0,0.0028905
STORJ/BTC,1564444793428,2019-07-29T23:59:53.428Z,sell,1.926e-05,481.0,0.00926406
STORJ/BTC,1564444864696,2019-07-30T00:01:04.696Z,sell,1.928e-05,452.0,0.00871456
STORJ/BTC,1564444864696,2019-07-30T00:01:04.696Z,sell,1.922e-05,3388.0,0.06511736
STORJ/BTC,1564444865579,2019-07-30T00:01:05.579Z,sell,1.922e-05,1312.0,0.02521664
STORJ/BTC,1564444868173,2019-07-30T00:01:08.173Z,sell,1.922e-05,482.0,0.00926404
STORJ/BTC,1564444884098,2019-07-30T00:01:24.098Z,sell,1.918e-05,522.0,0.01001196
STORJ/BTC,1564444886106,2019-07-30T00:01:26.106Z,sell,1.918e-05,157.0,0.00301126
STORJ/BTC,1564444894093,2019-07-30T00:01:34.093Z,sell,1.917e-05,522.0,0.01000674
STORJ/BTC,1564444899483,2019-07-30T00:01:39.483Z,sell,1.917e-05,208.0,0.0039873600000000006
STORJ/BTC,1564444901038,2019-07-30T00:01:41.038Z,buy,1.917e-05,157.0,0.00300969
STORJ/BTC,1564444901377,2019-07-30T00:01:41.377Z,sell,1.916e-05,8.0,0.00015328
STORJ/BTC,1564444901377,2019-07-30T00:01:41.377Z,sell,1.915e-05,69.0,0.00132135
STORJ/BTC,1564444901650,2019-07-30T00:01:41.650Z,buy,1.917e-05,150.0,0.0028755
STORJ/BTC,1564444906055,2019-07-30T00:01:46.055Z,buy,1.916e-05,157.0,0.00300812
STORJ/BTC,1564444907884,2019-07-30T00:01:47.884Z,buy,1.915e-05,104.0,0.0019916
STORJ/BTC,1564444916555,2019-07-30T00:01:56.555Z,buy,1.915e-05,26.0,0.0004979
STORJ/BTC,1564444922174,2019-07-30T00:02:02.174Z,buy,1.915e-05,471.0,0.00901965
STORJ/BTC,1564444922174,2019-07-30T00:02:02.174Z,buy,1.916e-05,1865.0,0.0357334
STORJ/BTC,1564444927887,2019-07-30T00:02:07.887Z,buy,1.916e-05,27.0,0.0005173199999999999
STORJ/BTC,1564444927887,2019-07-30T00:02:07.887Z,buy,1.919e-05,1552.0,0.02978288
STORJ/BTC,1564444927887,2019-07-30T00:02:07.887Z,buy,1.922e-05,700.0,0.013453999999999999
STORJ/BTC,1564444927887,2019-07-30T00:02:07.887Z,buy,1.923e-05,313.0,0.00601899
STORJ/BTC,1564444928429,2019-07-30T00:02:08.429Z,buy,1.923e-05,1711.0,0.03290253
STORJ/BTC,1564444928457,2019-07-30T00:02:08.457Z,buy,1.923e-05,801.0,0.01540323
STORJ/BTC,1564444928457,2019-07-30T00:02:08.457Z,buy,1.925e-05,150.0,0.0028875
STORJ/BTC,1564444928457,2019-07-30T00:02:08.457Z,buy,1.93e-05,1265.0,0.024414500000000002
STORJ/BTC,1564444928488,2019-07-30T00:02:08.488Z,sell,1.93e-05,700.0,0.013510000000000001
STORJ/BTC,1564444928538,2019-07-30T00:02:08.538Z,sell,1.93e-05,771.0,0.0148803
STORJ/BTC,1564444928549,2019-07-30T00:02:08.549Z,sell,1.93e-05,207.0,0.0039951000000000006
STORJ/BTC,1564444928584,2019-07-30T00:02:08.584Z,buy,1.93e-05,47.0,0.0009071000000000001
STORJ/BTC,1564444928820,2019-07-30T00:02:08.820Z,buy,1.931e-05,1793.0,0.03462283
STORJ/BTC,1564444929034,2019-07-30T00:02:09.034Z,buy,1.932e-05,66.0,0.00127512
STORJ/BTC,1564444932189,2019-07-30T00:02:12.189Z,buy,1.934e-05,20.0,0.0003868
STORJ/BTC,1564444932835,2019-07-30T00:02:12.835Z,buy,1.935e-05,5.0,9.675e-05
STORJ/BTC,1564444932835,2019-07-30T00:02:12.835Z,buy,1.941e-05,144.0,0.00279504
STORJ/BTC,1564444933459,2019-07-30T00:02:13.459Z,buy,1.94e-05,78.0,0.0015132000000000001
STORJ/BTC,1564444933715,2019-07-30T00:02:13.715Z,buy,1.94e-05,72.0,0.0013968000000000001
STORJ/BTC,1564444933715,2019-07-30T00:02:13.715Z,buy,1.941e-05,77.0,0.00149457
STORJ/BTC,1564444936202,2019-07-30T00:02:16.202Z,buy,1.945e-05,150.0,0.0029175
STORJ/BTC,1564444936202,2019-07-30T00:02:16.202Z,buy,1.947e-05,727.0,0.014154690000000001
STORJ/BTC,1564444936202,2019-07-30T00:02:16.202Z,buy,1.948e-05,19.0,0.00037012
STORJ/BTC,1564444939045,2019-07-30T00:02:19.045Z,sell,1.946e-05,150.0,0.002919
STORJ/BTC,1564444939095,2019-07-30T00:02:19.095Z,sell,1.947e-05,150.0,0.0029205000000000004
STORJ/BTC,1564444947329,2019-07-30T00:02:27.329Z,sell,1.945e-05,57.0,0.0011086499999999999
STORJ/BTC,1564444947632,2019-07-30T00:02:27.632Z,sell,1.945e-05,57.0,0.0011086499999999999
STORJ/BTC,1564444947922,2019-07-30T00:02:27.922Z,sell,1.945e-05,57.0,0.0011086499999999999
STORJ/BTC,1564444948256,2019-07-30T00:02:28.256Z,sell,1.945e-05,57.0,0.0011086499999999999
STORJ/BTC,1564444948562,2019-07-30T00:02:28.562Z,sell,1.945e-05,162.0,0.0031509
STORJ/BTC,1564444948727,2019-07-30T00:02:28.727Z,sell,1.945e-05,254.0,0.0049403
STORJ/BTC,1564444948727,2019-07-30T00:02:28.727Z,sell,1.944e-05,700.0,0.013608
STORJ/BTC,1564444948727,2019-07-30T00:02:28.727Z,sell,1.94e-05,140.0,0.002716
STORJ/BTC,1564444949561,2019-07-30T00:02:29.561Z,buy,1.945e-05,95.0,0.0018477499999999998
STORJ/BTC,1564444952186,2019-07-30T00:02:32.186Z,sell,1.933e-05,54.0,0.00104382
STORJ/BTC,1564444969400,2019-07-30T00:02:49.400Z,buy,1.944e-05,872.0,0.01695168
STORJ/BTC,1564444985125,2019-07-30T00:03:05.125Z,buy,1.943e-05,150.0,0.0029145
STORJ/BTC,1564444985125,2019-07-30T00:03:05.125Z,buy,1.944e-05,2099.0,0.040804560000000004
STORJ/BTC,1564445050927,2019-07-30T00:04:10.927Z,sell,1.933e-05,442.0,0.00854386
STORJ/BTC,1564445050927,2019-07-30T00:04:10.927Z,sell,1.932e-05,1401.0,0.027067320000000002
STORJ/BTC,1564445050927,2019-07-30T00:04:10.927Z,sell,1.93e-05,269.0,0.0051917000000000005
STORJ/BTC,1564445051730,2019-07-30T00:04:11.730Z,sell,1.931e-05,1376.0,0.02657056
STORJ/BTC,1564445052219,2019-07-30T00:04:12.219Z,sell,1.931e-05,2065.0,0.03987515
STORJ/BTC,1564445052345,2019-07-30T00:04:12.345Z,sell,1.931e-05,247.0,0.00476957
STORJ/BTC,1564445052448,2019-07-30T00:04:12.448Z,sell,1.931e-05,867.0,0.01674177
STORJ/BTC,1564445052518,2019-07-30T00:04:12.518Z,buy,1.94e-05,213.0,0.0041322
STORJ/BTC,1564445052571,2019-07-30T00:04:12.571Z,sell,1.931e-05,344.0,0.00664264
STORJ/BTC,1564445052609,2019-07-30T00:04:12.609Z,sell,1.931e-05,154.0,0.00297374
STORJ/BTC,1564445052609,2019-07-30T00:04:12.609Z,sell,1.93e-05,1158.0,0.022349400000000002
STORJ/BTC,1564445053764,2019-07-30T00:04:13.764Z,buy,1.94e-05,127.0,0.0024638
STORJ/BTC,1564445111106,2019-07-30T00:05:11.106Z,sell,1.929e-05,150.0,0.0028935
STORJ/BTC,1564445111106,2019-07-30T00:05:11.106Z,sell,1.928e-05,20.0,0.00038559999999999994
STORJ/BTC,1564445111525,2019-07-30T00:05:11.525Z,sell,1.93e-05,150.0,0.0028950000000000004
STORJ/BTC,1564445111525,2019-07-30T00:05:11.525Z,sell,1.928e-05,171.0,0.00329688
STORJ/BTC,1564445111525,2019-07-30T00:05:11.525Z,sell,1.927e-05,1541.0,0.02969507
STORJ/BTC,1564445111626,2019-07-30T00:05:11.626Z,buy,1.926e-05,315.0,0.006066899999999999
STORJ/BTC,1564445112042,2019-07-30T00:05:12.042Z,buy,1.926e-05,86.0,0.00165636
STORJ/BTC,1564445113065,2019-07-30T00:05:13.065Z,sell,1.925e-05,138.0,0.0026565
STORJ/BTC,1564445113528,2019-07-30T00:05:13.528Z,sell,1.924e-05,547.0,0.010524279999999999
STORJ/BTC,1564445113636,2019-07-30T00:05:13.636Z,buy,1.926e-05,150.0,0.0028889999999999996
STORJ/BTC,1564445113636,2019-07-30T00:05:13.636Z,buy,1.927e-05,129.0,0.00248583
STORJ/BTC,1564445113709,2019-07-30T00:05:13.709Z,buy,1.926e-05,150.0,0.0028889999999999996
STORJ/BTC,1564445113709,2019-07-30T00:05:13.709Z,buy,1.927e-05,218.0,0.00420086
STORJ/BTC,1564445114045,2019-07-30T00:05:14.045Z,sell,1.929e-05,86.0,0.00165894
STORJ/BTC,1564445114046,2019-07-30T00:05:14.046Z,sell,1.929e-05,51.0,0.00098379
STORJ/BTC,1564445122534,2019-07-30T00:05:22.534Z,buy,1.929e-05,14.0,0.00027006
STORJ/BTC,1564445125146,2019-07-30T00:05:25.146Z,buy,1.93e-05,2044.0,0.039449200000000004
STORJ/BTC,1564445173243,2019-07-30T00:06:13.243Z,sell,1.93e-05,1608.0,0.031034400000000004
STORJ/BTC,1564445177047,2019-07-30T00:06:17.047Z,sell,1.93e-05,2392.0,0.0461656
STORJ/BTC,1564445182055,2019-07-30T00:06:22.055Z,sell,1.93e-05,4000.0,0.0772
STORJ/BTC,1564445191052,2019-07-30T00:06:31.052Z,sell,1.93e-05,4000.0,0.0772
STORJ/BTC,1564445197055,2019-07-30T00:06:37.055Z,sell,1.93e-05,8163.0,0.15754590000000002
STORJ/BTC,1564445221938,2019-07-30T00:07:01.938Z,sell,1.93e-05,1009.0,0.0194737
STORJ/BTC,1564445222116,2019-07-30T00:07:02.116Z,sell,1.93e-05,2981.0,0.0575333
STORJ/BTC,1564445234062,2019-07-30T00:07:14.062Z,sell,1.93e-05,4997.0,0.0964421
STORJ/BTC,1564445234064,2019-07-30T00:07:14.064Z,buy,1.931e-05,189.0,0.00364959
STORJ/BTC,1564445352305,2019-07-30T00:09:12.305Z,sell,1.925e-05,150.0,0.0028875
STORJ/BTC,1564445352305,2019-07-30T00:09:12.305Z,sell,1.924e-05,347.0,0.00667628
STORJ/BTC,1564445357112,2019-07-30T00:09:17.112Z,buy,1.927e-05,347.0,0.00668669
STORJ/BTC,1564445357112,2019-07-30T00:09:17.112Z,buy,1.928e-05,430.0,0.0082904
STORJ/BTC,1564445358601,2019-07-30T00:09:18.601Z,buy,1.927e-05,150.0,0.0028905
STORJ/BTC,1564445358601,2019-07-30T00:09:18.601Z,buy,1.928e-05,541.0,0.010430479999999999
STORJ/BTC,1564445425467,2019-07-30T00:10:25.467Z,sell,1.924e-05,497.0,0.00956228
STORJ/BTC,1564445426974,2019-07-30T00:10:26.974Z,sell,1.923e-05,555.0,0.01067265
STORJ/BTC,1564445427105,2019-07-30T00:10:27.105Z,buy,1.924e-05,778.0,0.01496872
STORJ/BTC,1564445427131,2019-07-30T00:10:27.131Z,buy,1.924e-05,695.0,0.0133718
STORJ/BTC,1564445444312,2019-07-30T00:10:44.312Z,buy,1.927e-05,150.0,0.0028905
STORJ/BTC,1564445445077,2019-07-30T00:10:45.077Z,sell,1.93e-05,87.0,0.0016791000000000002
STORJ/BTC,1564445445083,2019-07-30T00:10:45.083Z,sell,1.927e-05,119.0,0.00229313
STORJ/BTC,1564445445094,2019-07-30T00:10:45.094Z,buy,1.931e-05,260.0,0.0050206
STORJ/BTC,1564445446120,2019-07-30T00:10:46.120Z,sell,1.93e-05,576.0,0.011116800000000001
STORJ/BTC,1564445446136,2019-07-30T00:10:46.136Z,sell,1.93e-05,8416.0,0.1624288
STORJ/BTC,1564445465794,2019-07-30T00:11:05.794Z,buy,1.931e-05,3808.0,0.07353248
STORJ/BTC,1564445466590,2019-07-30T00:11:06.590Z,buy,1.931e-05,164.0,0.0031668399999999998
STORJ/BTC,1564445466590,2019-07-30T00:11:06.590Z,buy,1.932e-05,2777.0,0.05365164
STORJ/BTC,1564445466590,2019-07-30T00:11:06.590Z,buy,1.934e-05,163.0,0.0031524200000000004
STORJ/BTC,1564445489284,2019-07-30T00:11:29.284Z,buy,1.935e-05,1541.0,0.02981835
STORJ/BTC,1564445492621,2019-07-30T00:11:32.621Z,buy,1.939e-05,150.0,0.0029085
STORJ/BTC,1564445492621,2019-07-30T00:11:32.621Z,buy,1.942e-05,8.0,0.00015536
STORJ/BTC,1564445493084,2019-07-30T00:11:33.084Z,buy,1.943e-05,516.0,0.01002588
STORJ/BTC,1564445504392,2019-07-30T00:11:44.392Z,buy,1.945e-05,229.0,0.004454049999999999
STORJ/BTC,1564445504392,2019-07-30T00:11:44.392Z,buy,1.947e-05,2715.0,0.05286105000000001
STORJ/BTC,1564445511750,2019-07-30T00:11:51.750Z,buy,1.947e-05,725.0,0.014115750000000002
STORJ/BTC,1564445511750,2019-07-30T00:11:51.750Z,buy,1.948e-05,1.0,1.948e-05
STORJ/BTC,1564445511750,2019-07-30T00:11:51.750Z,buy,1.95e-05,11.0,0.0002145
STORJ/BTC,1564445511750,2019-07-30T00:11:51.750Z,buy,1.951e-05,319.0,0.0062236900000000005
STORJ/BTC,1564445516081,2019-07-30T00:11:56.081Z,buy,1.955e-05,844.0,0.0165002
STORJ/BTC,1564445520739,2019-07-30T00:12:00.739Z,buy,1.955e-05,749.0,0.01464295
STORJ/BTC,1564445520739,2019-07-30T00:12:00.739Z,buy,1.957e-05,1939.0,0.037946230000000004
STORJ/BTC,1564445521510,2019-07-30T00:12:01.510Z,buy,1.957e-05,17.0,0.00033269
STORJ/BTC,1564445521510,2019-07-30T00:12:01.510Z,buy,1.96e-05,2654.0,0.0520184
STORJ/BTC,1564445521510,2019-07-30T00:12:01.510Z,buy,1.961e-05,721.0,0.01413881
STORJ/BTC,1564445524090,2019-07-30T00:12:04.090Z,buy,1.956e-05,82.0,0.00160392
STORJ/BTC,1564445525528,2019-07-30T00:12:05.528Z,buy,1.96e-05,353.0,0.006918799999999999
STORJ/BTC,1564445526232,2019-07-30T00:12:06.232Z,buy,1.96e-05,2262.0,0.0443352
STORJ/BTC,1564445526587,2019-07-30T00:12:06.587Z,buy,1.96e-05,38.0,0.0007448
STORJ/BTC,1564445526587,2019-07-30T00:12:06.587Z,buy,1.962e-05,20.0,0.0003924
STORJ/BTC,1564445526587,2019-07-30T00:12:06.587Z,buy,1.964e-05,1049.0,0.020602359999999997
STORJ/BTC,1564445526587,2019-07-30T00:12:06.587Z,buy,1.965e-05,727.0,0.01428555
STORJ/BTC,1564445526587,2019-07-30T00:12:06.587Z,buy,1.966e-05,311.0,0.006114260000000001
STORJ/BTC,1564445526587,2019-07-30T00:12:06.587Z,buy,1.967e-05,1551.0,0.03050817
STORJ/BTC,1564445527082,2019-07-30T00:12:07.082Z,sell,1.964e-05,101.0,0.0019836399999999996
STORJ/BTC,1564445527082,2019-07-30T00:12:07.082Z,sell,1.962e-05,58.0,0.00113796
STORJ/BTC,1564445527148,2019-07-30T00:12:07.148Z,buy,1.968e-05,6.0,0.00011808000000000001
STORJ/BTC,1564445527148,2019-07-30T00:12:07.148Z,buy,1.969e-05,94.0,0.00185086
STORJ/BTC,1564445527211,2019-07-30T00:12:07.211Z,buy,1.969e-05,617.0,0.01214873
STORJ/BTC,1564445527232,2019-07-30T00:12:07.232Z,buy,1.97e-05,30.0,0.000591
STORJ/BTC,1564445527232,2019-07-30T00:12:07.232Z,buy,1.971e-05,70.0,0.0013797
STORJ/BTC,1564445527375,2019-07-30T00:12:07.375Z,sell,1.969e-05,401.0,0.00789569
STORJ/BTC,1564445528083,2019-07-30T00:12:08.083Z,sell,1.965e-05,1275.0,0.02505375
STORJ/BTC,1564445528103,2019-07-30T00:12:08.103Z,sell,1.966e-05,150.0,0.0029490000000000002
STORJ/BTC,1564445530222,2019-07-30T00:12:10.222Z,buy,1.971e-05,6.0,0.00011826
STORJ/BTC,1564445530978,2019-07-30T00:12:10.978Z,buy,1.969e-05,364.0,0.00716716
STORJ/BTC,1564445531081,2019-07-30T00:12:11.081Z,sell,1.967e-05,150.0,0.0029505
STORJ/BTC,1564445531081,2019-07-30T00:12:11.081Z,sell,1.966e-05,11.0,0.00021626000000000002
STORJ/BTC,1564445531411,2019-07-30T00:12:11.411Z,buy,1.969e-05,789.0,0.01553541
STORJ/BTC,1564445532134,2019-07-30T00:12:12.134Z,sell,1.968e-05,150.0,0.002952
STORJ/BTC,1564445532158,2019-07-30T00:12:12.158Z,sell,1.968e-05,150.0,0.002952
STORJ/BTC,1564445532766,2019-07-30T00:12:12.766Z,buy,1.969e-05,1052.0,0.02071388
STORJ/BTC,1564445532766,2019-07-30T00:12:12.766Z,buy,1.971e-05,19.0,0.00037449
STORJ/BTC,1564445532766,2019-07-30T00:12:12.766Z,buy,1.973e-05,208.0,0.00410384
STORJ/BTC,1564445532766,2019-07-30T00:12:12.766Z,buy,1.974e-05,1249.0,0.024655260000000002
STORJ/BTC,1564445533419,2019-07-30T00:12:13.419Z,sell,1.967e-05,283.0,0.00556661
STORJ/BTC,1564445534353,2019-07-30T00:12:14.353Z,sell,1.968e-05,29.0,0.00057072
STORJ/BTC,1564445535085,2019-07-30T00:12:15.085Z,sell,1.968e-05,121.0,0.0023812800000000004
STORJ/BTC,1564445535085,2019-07-30T00:12:15.085Z,sell,1.967e-05,57.0,0.00112119
STORJ/BTC,1564445535109,2019-07-30T00:12:15.109Z,sell,1.969e-05,150.0,0.0029535
STORJ/BTC,1564445535109,2019-07-30T00:12:15.109Z,sell,1.966e-05,700.0,0.013762000000000002
STORJ/BTC,1564445535135,2019-07-30T00:12:15.135Z,sell,1.967e-05,150.0,0.0029505
STORJ/BTC,1564445535703,2019-07-30T00:12:15.703Z,buy,1.971e-05,16.0,0.00031536
STORJ/BTC,1564445535703,2019-07-30T00:12:15.703Z,buy,1.972e-05,150.0,0.002958
STORJ/BTC,1564445535703,2019-07-30T00:12:15.703Z,buy,1.973e-05,340.0,0.0067082
STORJ/BTC,1564445535723,2019-07-30T00:12:15.723Z,sell,1.966e-05,150.0,0.0029490000000000002
STORJ/BTC,1564445535748,2019-07-30T00:12:15.748Z,sell,1.969e-05,150.0,0.0029535
STORJ/BTC,1564445535781,2019-07-30T00:12:15.781Z,sell,1.969e-05,150.0,0.0029535
STORJ/BTC,1564445536165,2019-07-30T00:12:16.165Z,buy,1.972e-05,300.0,0.005916
STORJ/BTC,1564445536165,2019-07-30T00:12:16.165Z,buy,1.976e-05,20.0,0.0003952
STORJ/BTC,1564445536165,2019-07-30T00:12:16.165Z,buy,1.977e-05,187.0,0.00369699
STORJ/BTC,1564445536931,2019-07-30T00:12:16.931Z,buy,1.977e-05,813.0,0.01607301
STORJ/BTC,1564445536931,2019-07-30T00:12:16.931Z,buy,1.978e-05,52.0,0.00102856
STORJ/BTC,1564445536931,2019-07-30T00:12:16.931Z,buy,1.98e-05,895.0,0.017721
STORJ/BTC,1564445537098,2019-07-30T00:12:17.098Z,buy,1.98e-05,75.0,0.001485
STORJ/BTC,1564445537123,2019-07-30T00:12:17.123Z,sell,1.981e-05,75.0,0.0014857499999999999
STORJ/BTC,1564445537151,2019-07-30T00:12:17.151Z,sell,1.981e-05,2.0,3.962e-05
STORJ/BTC,1564445537151,2019-07-30T00:12:17.151Z,sell,1.971e-05,150.0,0.0029565
STORJ/BTC,1564445537151,2019-07-30T00:12:17.151Z,sell,1.97e-05,384.0,0.0075648
STORJ/BTC,1564445537201,2019-07-30T00:12:17.201Z,sell,1.977e-05,45.0,0.00088965
STORJ/BTC,1564445537499,2019-07-30T00:12:17.499Z,sell,1.977e-05,30.0,0.0005930999999999999
STORJ/BTC,1564445537510,2019-07-30T00:12:17.510Z,sell,1.977e-05,314.0,0.0062077799999999995
STORJ/BTC,1564445537745,2019-07-30T00:12:17.745Z,buy,1.98e-05,105.0,0.002079
STORJ/BTC,1564445537745,2019-07-30T00:12:17.745Z,buy,1.982e-05,345.0,0.0068379
STORJ/BTC,1564445537745,2019-07-30T00:12:17.745Z,buy,1.983e-05,3198.0,0.06341634
STORJ/BTC,1564445537750,2019-07-30T00:12:17.750Z,sell,1.977e-05,30.0,0.0005930999999999999
STORJ/BTC,1564445538342,2019-07-30T00:12:18.342Z,sell,1.978e-05,150.0,0.002967
STORJ/BTC,1564445538342,2019-07-30T00:12:18.342Z,sell,1.975e-05,190.0,0.0037524999999999998
STORJ/BTC,1564445538929,2019-07-30T00:12:18.929Z,buy,1.982e-05,150.0,0.002973
STORJ/BTC,1564445538955,2019-07-30T00:12:18.955Z,sell,1.978e-05,150.0,0.002967
STORJ/BTC,1564445538955,2019-07-30T00:12:18.955Z,sell,1.977e-05,633.0,0.012514409999999998
STORJ/BTC,1564445538976,2019-07-30T00:12:18.976Z,sell,1.977e-05,138.0,0.0027282599999999997
STORJ/BTC,1564445539001,2019-07-30T00:12:19.001Z,sell,1.977e-05,301.0,0.005950769999999999
STORJ/BTC,1564445539083,2019-07-30T00:12:19.083Z,sell,1.976e-05,339.0,0.0066986400000000005
STORJ/BTC,1564445539342,2019-07-30T00:12:19.342Z,buy,1.982e-05,150.0,0.002973
STORJ/BTC,1564445539342,2019-07-30T00:12:19.342Z,buy,1.986e-05,618.0,0.01227348
STORJ/BTC,1564445539844,2019-07-30T00:12:19.844Z,buy,1.986e-05,5.0,9.93e-05
STORJ/BTC,1564445539844,2019-07-30T00:12:19.844Z,buy,1.987e-05,6.0,0.00011922000000000001
STORJ/BTC,1564445539844,2019-07-30T00:12:19.844Z,buy,1.989e-05,11.0,0.00021879
STORJ/BTC,1564445539908,2019-07-30T00:12:19.908Z,sell,1.99e-05,201.0,0.0039999
STORJ/BTC,1564445539929,2019-07-30T00:12:19.929Z,sell,1.99e-05,150.0,0.002985
STORJ/BTC,1564445539960,2019-07-30T00:12:19.960Z,sell,1.99e-05,37.0,0.0007363
STORJ/BTC,1564445540090,2019-07-30T00:12:20.090Z,sell,1.99e-05,1494.0,0.0297306
STORJ/BTC,1564445540117,2019-07-30T00:12:20.117Z,sell,1.99e-05,8637.0,0.17187629999999998
STORJ/BTC,1564445540208,2019-07-30T00:12:20.208Z,sell,1.976e-05,143.0,0.00282568
STORJ/BTC,1564445540602,2019-07-30T00:12:20.602Z,sell,1.982e-05,30.0,0.0005946
STORJ/BTC,1564445541081,2019-07-30T00:12:21.081Z,sell,1.986e-05,828.0,0.01644408
STORJ/BTC,1564445541081,2019-07-30T00:12:21.081Z,sell,1.982e-05,8962.0,0.17762684
STORJ/BTC,1564445542091,2019-07-30T00:12:22.091Z,sell,1.979e-05,2822.0,0.055847379999999995
STORJ/BTC,1564445542272,2019-07-30T00:12:22.272Z,sell,1.975e-05,1687.0,0.03331825
STORJ/BTC,1564445543585,2019-07-30T00:12:23.585Z,sell,1.975e-05,103.0,0.00203425
STORJ/BTC,1564445543601,2019-07-30T00:12:23.601Z,sell,1.975e-05,78.0,0.0015405
STORJ/BTC,1564445543788,2019-07-30T00:12:23.788Z,sell,1.975e-05,100.0,0.0019749999999999998
STORJ/BTC,1564445544092,2019-07-30T00:12:24.092Z,sell,1.975e-05,682.0,0.013469499999999999
STORJ/BTC,1564445544092,2019-07-30T00:12:24.092Z,sell,1.974e-05,3680.0,0.0726432
STORJ/BTC,1564445545083,2019-07-30T00:12:25.083Z,sell,1.976e-05,4281.0,0.08459256
STORJ/BTC,1564445545083,2019-07-30T00:12:25.083Z,sell,1.973e-05,3599.0,0.07100827
STORJ/BTC,1564445545864,2019-07-30T00:12:25.864Z,sell,1.971e-05,10.0,0.0001971
STORJ/BTC,1564445546089,2019-07-30T00:12:26.089Z,buy,1.975e-05,197.0,0.0038907499999999997
STORJ/BTC,1564445546089,2019-07-30T00:12:26.089Z,sell,1.971e-05,497.0,0.00979587
STORJ/BTC,1564445546089,2019-07-30T00:12:26.089Z,sell,1.97e-05,3198.0,0.0630006
STORJ/BTC,1564445546089,2019-07-30T00:12:26.089Z,sell,1.968e-05,8992.0,0.17696256000000002
STORJ/BTC,1564445547030,2019-07-30T00:12:27.030Z,buy,1.981e-05,339.0,0.00671559
STORJ/BTC,1564445547030,2019-07-30T00:12:27.030Z,buy,1.982e-05,507.0,0.01004874
STORJ/BTC,1564445547030,2019-07-30T00:12:27.030Z,buy,1.987e-05,150.0,0.0029805
STORJ/BTC,1564445547030,2019-07-30T00:12:27.030Z,buy,1.991e-05,28.0,0.0005574800000000001
STORJ/BTC,1564445547053,2019-07-30T00:12:27.053Z,sell,1.969e-05,339.0,0.00667491
STORJ/BTC,1564445547053,2019-07-30T00:12:27.053Z,sell,1.968e-05,11079.0,0.21803472000000002
STORJ/BTC,1564445547611,2019-07-30T00:12:27.611Z,buy,1.981e-05,150.0,0.0029714999999999997
STORJ/BTC,1564445547637,2019-07-30T00:12:27.637Z,sell,1.978e-05,1368.0,0.02705904
STORJ/BTC,1564445547637,2019-07-30T00:12:27.637Z,sell,1.969e-05,700.0,0.013783
STORJ/BTC,1564445547637,2019-07-30T00:12:27.637Z,sell,1.966e-05,1076.0,0.02115416
STORJ/BTC,1564445547637,2019-07-30T00:12:27.637Z,sell,1.965e-05,2057.0,0.04042005
STORJ/BTC,1564445547637,2019-07-30T00:12:27.637Z,sell,1.965e-05,104.0,0.0020436
STORJ/BTC,1564445547660,2019-07-30T00:12:27.660Z,sell,1.965e-05,1016.0,0.0199644
STORJ/BTC,1564445547679,2019-07-30T00:12:27.679Z,sell,1.964e-05,150.0,0.002946
STORJ/BTC,1564445547679,2019-07-30T00:12:27.679Z,sell,1.962e-05,254.0,0.004983479999999999
STORJ/BTC,1564445547679,2019-07-30T00:12:27.679Z,sell,1.96e-05,742.0,0.0145432
STORJ/BTC,1564445547916,2019-07-30T00:12:27.916Z,buy,1.972e-05,288.0,0.0056793600000000005
STORJ/BTC,1564445547941,2019-07-30T00:12:27.941Z,sell,1.972e-05,5201.0,0.10256372000000001
STORJ/BTC,1564445547972,2019-07-30T00:12:27.972Z,sell,1.972e-05,3503.0,0.06907916
STORJ/BTC,1564445547972,2019-07-30T00:12:27.972Z,sell,1.968e-05,700.0,0.013776
STORJ/BTC,1564445547994,2019-07-30T00:12:27.994Z,sell,1.965e-05,5201.0,0.10219965
STORJ/BTC,1564445548017,2019-07-30T00:12:28.017Z,sell,1.965e-05,4004.0,0.0786786
STORJ/BTC,1564445548853,2019-07-30T00:12:28.853Z,sell,1.965e-05,101.0,0.00198465
STORJ/BTC,1564445549282,2019-07-30T00:12:29.282Z,sell,1.965e-05,51.0,0.00100215
STORJ/BTC,1564445549536,2019-07-30T00:12:29.536Z,sell,1.966e-05,175.0,0.0034405000000000004
STORJ/BTC,1564445549752,2019-07-30T00:12:29.752Z,buy,1.969e-05,104.0,0.00204776
STORJ/BTC,1564445550085,2019-07-30T00:12:30.085Z,sell,1.972e-05,279.0,0.005501880000000001
STORJ/BTC,1564445550086,2019-07-30T00:12:30.086Z,sell,1.972e-05,1000.0,0.01972
STORJ/BTC,1564445550087,2019-07-30T00:12:30.087Z,sell,1.972e-05,161.0,0.0031749200000000003
STORJ/BTC,1564445550370,2019-07-30T00:12:30.370Z,sell,1.972e-05,1018.0,0.02007496
STORJ/BTC,1564445551190,2019-07-30T00:12:31.190Z,sell,1.972e-05,60.0,0.0011832000000000001
STORJ/BTC,1564445551190,2019-07-30T00:12:31.190Z,sell,1.965e-05,16.0,0.0003144
STORJ/BTC,1564445552204,2019-07-30T00:12:32.204Z,buy,1.973e-05,2.0,3.946e-05
STORJ/BTC,1564445562581,2019-07-30T00:12:42.581Z,buy,1.971e-05,234.0,0.00461214
STORJ/BTC,1564445562581,2019-07-30T00:12:42.581Z,buy,1.972e-05,106.0,0.00209032
STORJ/BTC,1564445571664,2019-07-30T00:12:51.664Z,buy,1.971e-05,234.0,0.00461214
STORJ/BTC,1564445571664,2019-07-30T00:12:51.664Z,buy,1.972e-05,223.0,0.00439756
STORJ/BTC,1564445574090,2019-07-30T00:12:54.090Z,buy,1.972e-05,272.0,0.00536384
STORJ/BTC,1564445579286,2019-07-30T00:12:59.286Z,sell,1.97e-05,150.0,0.002955
STORJ/BTC,1564445587100,2019-07-30T00:13:07.100Z,sell,1.964e-05,100.0,0.001964
STORJ/BTC,1564445587280,2019-07-30T00:13:07.280Z,buy,1.969e-05,2016.0,0.03969504
STORJ/BTC,1564445587530,2019-07-30T00:13:07.530Z,buy,1.969e-05,383.0,0.00754127
STORJ/BTC,1564445587675,2019-07-30T00:13:07.675Z,buy,1.97e-05,204.0,0.0040188
STORJ/BTC,1564445587675,2019-07-30T00:13:07.675Z,buy,1.972e-05,429.0,0.008459880000000001
STORJ/BTC,1564445588232,2019-07-30T00:13:08.232Z,buy,1.974e-05,646.0,0.012752040000000001
STORJ/BTC,1564445588232,2019-07-30T00:13:08.232Z,buy,1.976e-05,20.0,0.0003952
STORJ/BTC,1564445588232,2019-07-30T00:13:08.232Z,buy,1.977e-05,346.0,0.00684042
STORJ/BTC,1564445614273,2019-07-30T00:13:34.273Z,buy,1.978e-05,119.0,0.00235382
STORJ/BTC,1564445614273,2019-07-30T00:13:34.273Z,buy,1.979e-05,3588.0,0.07100651999999999
STORJ/BTC,1564445614273,2019-07-30T00:13:34.273Z,buy,1.98e-05,686.0,0.0135828
STORJ/BTC,1564445614321,2019-07-30T00:13:34.321Z,buy,1.981e-05,2.0,3.962e-05
STORJ/BTC,1564445620062,2019-07-30T00:13:40.062Z,sell,1.98e-05,747.0,0.014790600000000001
STORJ/BTC,1564445620062,2019-07-30T00:13:40.062Z,sell,1.974e-05,6.0,0.00011844000000000001
STORJ/BTC,1564445620062,2019-07-30T00:13:40.062Z,sell,1.972e-05,3121.0,0.06154612
STORJ/BTC,1564445620062,2019-07-30T00:13:40.062Z,sell,1.971e-05,382.0,0.00752922
STORJ/BTC,1564445620062,2019-07-30T00:13:40.062Z,sell,1.97e-05,320.0,0.006304000000000001
STORJ/BTC,1564445620091,2019-07-30T00:13:40.091Z,buy,1.975e-05,261.0,0.00515475
STORJ/BTC,1564445627667,2019-07-30T00:13:47.667Z,buy,1.977e-05,6.0,0.00011862
STORJ/BTC,1564445648664,2019-07-30T00:14:08.664Z,sell,1.973e-05,1177.0,0.02322221
STORJ/BTC,1564445648664,2019-07-30T00:14:08.664Z,sell,1.972e-05,150.0,0.002958
STORJ/BTC,1564445648664,2019-07-30T00:14:08.664Z,sell,1.97e-05,548.0,0.0107956
STORJ/BTC,1564445650736,2019-07-30T00:14:10.736Z,buy,1.975e-05,308.0,0.006083
STORJ/BTC,1564445653178,2019-07-30T00:14:13.178Z,buy,1.98e-05,269.0,0.0053262
STORJ/BTC,1564445662324,2019-07-30T00:14:22.324Z,sell,1.976e-05,103.0,0.00203528
STORJ/BTC,1564445662447,2019-07-30T00:14:22.447Z,buy,1.979e-05,150.0,0.0029685
STORJ/BTC,1564445662447,2019-07-30T00:14:22.447Z,buy,1.98e-05,214.0,0.0042372
STORJ/BTC,1564445662447,2019-07-30T00:14:22.447Z,buy,1.981e-05,340.0,0.006735399999999999
STORJ/BTC,1564445663087,2019-07-30T00:14:23.087Z,buy,1.979e-05,150.0,0.0029685
STORJ/BTC,1564445665091,2019-07-30T00:14:25.091Z,buy,1.981e-05,166.0,0.0032884599999999996
STORJ/BTC,1564445677723,2019-07-30T00:14:37.723Z,buy,1.982e-05,97.0,0.00192254
STORJ/BTC,1564445677723,2019-07-30T00:14:37.723Z,buy,1.984e-05,53.0,0.00105152
STORJ/BTC,1564445685505,2019-07-30T00:14:45.505Z,sell,1.98e-05,27.0,0.0005346
STORJ/BTC,1564445691412,2019-07-30T00:14:51.412Z,sell,1.98e-05,19.0,0.0003762
STORJ/BTC,1564445691971,2019-07-30T00:14:51.971Z,sell,1.98e-05,104.0,0.0020592
STORJ/BTC,1564445693090,2019-07-30T00:14:53.090Z,buy,1.98e-05,1007.0,0.0199386
STORJ/BTC,1564445693106,2019-07-30T00:14:53.106Z,buy,1.98e-05,734.0,0.0145332
STORJ/BTC,1564445694501,2019-07-30T00:14:54.501Z,buy,1.984e-05,97.0,0.00192448
STORJ/BTC,1564445694501,2019-07-30T00:14:54.501Z,buy,1.985e-05,1063.0,0.021100550000000003
STORJ/BTC,1564445694501,2019-07-30T00:14:54.501Z,buy,1.987e-05,344.0,0.00683528
STORJ/BTC,1564445694824,2019-07-30T00:14:54.824Z,buy,1.987e-05,19.0,0.00037753
STORJ/BTC,1564445695094,2019-07-30T00:14:55.094Z,sell,1.987e-05,134.0,0.0026625800000000003
STORJ/BTC,1564445695380,2019-07-30T00:14:55.380Z,buy,1.989e-05,150.0,0.0029835
STORJ/BTC,1564445695380,2019-07-30T00:14:55.380Z,buy,1.99e-05,330.0,0.006567
STORJ/BTC,1564445696263,2019-07-30T00:14:56.263Z,buy,1.989e-05,1728.0,0.03436992
STORJ/BTC,1564445697678,2019-07-30T00:14:57.678Z,buy,1.99e-05,65.0,0.0012935
STORJ/BTC,1564445698047,2019-07-30T00:14:58.047Z,sell,1.984e-05,337.0,0.00668608
STORJ/BTC,1564445698047,2019-07-30T00:14:58.047Z,sell,1.983e-05,850.0,0.016855500000000002
STORJ/BTC,1564445698088,2019-07-30T00:14:58.088Z,buy,1.982e-05,256.0,0.00507392
STORJ/BTC,1564445711097,2019-07-30T00:15:11.097Z,buy,1.989e-05,337.0,0.00670293
STORJ/BTC,1564445711097,2019-07-30T00:15:11.097Z,buy,1.99e-05,665.0,0.013233499999999999
STORJ/BTC,1564445712094,2019-07-30T00:15:12.094Z,buy,1.99e-05,150.0,0.002985
STORJ/BTC,1564445712110,2019-07-30T00:15:12.110Z,buy,1.99e-05,140.0,0.002786
STORJ/BTC,1564445713079,2019-07-30T00:15:13.079Z,buy,1.992e-05,6.0,0.00011952
STORJ/BTC,1564445716915,2019-07-30T00:15:16.915Z,buy,1.993e-05,6.0,0.00011958
STORJ/BTC,1564445716915,2019-07-30T00:15:16.915Z,sell,1.992e-05,64.0,0.00127488
STORJ/BTC,1564445716915,2019-07-30T00:15:16.915Z,sell,1.986e-05,150.0,0.002979
STORJ/BTC,1564445716915,2019-07-30T00:15:16.915Z,sell,1.983e-05,336.0,0.00666288
STORJ/BTC,1564445716915,2019-07-30T00:15:16.915Z,sell,1.982e-05,1395.0,0.0276489
STORJ/BTC,1564445716915,2019-07-30T00:15:16.915Z,sell,1.981e-05,1027.0,0.020344869999999998
STORJ/BTC,1564445718875,2019-07-30T00:15:18.875Z,buy,1.992e-05,336.0,0.0066931199999999995
STORJ/BTC,1564445718875,2019-07-30T00:15:18.875Z,buy,1.993e-05,863.0,0.01719959
STORJ/BTC,1564445722561,2019-07-30T00:15:22.561Z,sell,1.988e-05,103.0,0.00204764
STORJ/BTC,1564445724866,2019-07-30T00:15:24.866Z,buy,1.993e-05,2241.0,0.04466313
STORJ/BTC,1564445725984,2019-07-30T00:15:25.984Z,buy,1.997e-05,992.0,0.01981024
STORJ/BTC,1564445726876,2019-07-30T00:15:26.876Z,sell,1.988e-05,30.0,0.0005964
STORJ/BTC,1564445728090,2019-07-30T00:15:28.090Z,sell,1.988e-05,36.0,0.00071568
STORJ/BTC,1564445728375,2019-07-30T00:15:28.375Z,buy,1.997e-05,14.0,0.00027958
STORJ/BTC,1564445728375,2019-07-30T00:15:28.375Z,buy,1.999e-05,1980.0,0.0395802
STORJ/BTC,1564445728375,2019-07-30T00:15:28.375Z,buy,2e-05,1410.0,0.028200000000000003
STORJ/BTC,1564445728375,2019-07-30T00:15:28.375Z,buy,2.001e-05,671.0,0.01342671
STORJ/BTC,1564445728639,2019-07-30T00:15:28.639Z,sell,1.989e-05,150.0,0.0029835
STORJ/BTC,1564445728639,2019-07-30T00:15:28.639Z,sell,1.988e-05,104.0,0.0020675199999999998
STORJ/BTC,1564445733202,2019-07-30T00:15:33.202Z,sell,1.989e-05,133.0,0.00264537
STORJ/BTC,1564445735374,2019-07-30T00:15:35.374Z,sell,1.995e-05,88.0,0.0017556
STORJ/BTC,1564445743191,2019-07-30T00:15:43.191Z,buy,2e-05,101.0,0.00202
STORJ/BTC,1564445743324,2019-07-30T00:15:43.324Z,buy,2e-05,49.0,0.0009800000000000002
STORJ/BTC,1564445743324,2019-07-30T00:15:43.324Z,buy,2.001e-05,9.0,0.00018009
STORJ/BTC,1564445744107,2019-07-30T00:15:44.107Z,sell,2.001e-05,92.0,0.00184092
STORJ/BTC,1564445744135,2019-07-30T00:15:44.135Z,buy,2.002e-05,150.0,0.003003
STORJ/BTC,1564445748107,2019-07-30T00:15:48.107Z,buy,2.001e-05,150.0,0.0030015
STORJ/BTC,1564445750086,2019-07-30T00:15:50.086Z,buy,2.003e-05,123.0,0.00246369
STORJ/BTC,1564445750086,2019-07-30T00:15:50.086Z,buy,2.004e-05,27.0,0.00054108
STORJ/BTC,1564445753027,2019-07-30T00:15:53.027Z,buy,2.004e-05,81.0,0.0016232400000000002
STORJ/BTC,1564445753101,2019-07-30T00:15:53.101Z,buy,2.004e-05,133.0,0.00266532
STORJ/BTC,1564445753101,2019-07-30T00:15:53.101Z,buy,2.005e-05,613.0,0.01229065
STORJ/BTC,1564445753342,2019-07-30T00:15:53.342Z,buy,2.005e-05,1144.0,0.022937199999999998
STORJ/BTC,1564445753342,2019-07-30T00:15:53.342Z,buy,2.006e-05,6.0,0.00012036
STORJ/BTC,1564445753342,2019-07-30T00:15:53.342Z,buy,2.007e-05,1828.0,0.03668796
STORJ/BTC,1564445753342,2019-07-30T00:15:53.342Z,buy,2.008e-05,11.0,0.00022088
STORJ/BTC,1564445754166,2019-07-30T00:15:54.166Z,buy,2.013e-05,150.0,0.0030194999999999996
STORJ/BTC,1564445754166,2019-07-30T00:15:54.166Z,buy,2.014e-05,6.0,0.00012084
STORJ/BTC,1564445754166,2019-07-30T00:15:54.166Z,buy,2.015e-05,837.0,0.01686555
STORJ/BTC,1564445754725,2019-07-30T00:15:54.725Z,sell,2.01e-05,150.0,0.0030150000000000003
STORJ/BTC,1564445754926,2019-07-30T00:15:54.926Z,buy,2.007e-05,1027.0,0.02061189
STORJ/BTC,1564445759077,2019-07-30T00:15:59.077Z,sell,2.015e-05,6.0,0.00012089999999999998
STORJ/BTC,1564445759077,2019-07-30T00:15:59.077Z,sell,2.008e-05,87.0,0.00174696
STORJ/BTC,1564445765749,2019-07-30T00:16:05.749Z,buy,2.015e-05,292.0,0.0058838
STORJ/BTC,1564445765752,2019-07-30T00:16:05.752Z,buy,2.016e-05,88.0,0.00177408
STORJ/BTC,1564445767184,2019-07-30T00:16:07.184Z,sell,2.013e-05,150.0,0.0030194999999999996
STORJ/BTC,1564445767184,2019-07-30T00:16:07.184Z,sell,2.012e-05,700.0,0.014084000000000001
STORJ/BTC,1564445767184,2019-07-30T00:16:07.184Z,sell,2.011e-05,150.0,0.0030164999999999997
STORJ/BTC,1564445767184,2019-07-30T00:16:07.184Z,sell,2.01e-05,589.0,0.011838900000000001
STORJ/BTC,1564445767184,2019-07-30T00:16:07.184Z,sell,2.008e-05,1204.0,0.02417632
STORJ/BTC,1564445769155,2019-07-30T00:16:09.155Z,buy,2.017e-05,744.0,0.015006479999999999
STORJ/BTC,1564445769174,2019-07-30T00:16:09.174Z,buy,2.017e-05,280.0,0.005647599999999999
STORJ/BTC,1564445769504,2019-07-30T00:16:09.504Z,sell,2.015e-05,12.0,0.00024179999999999997
STORJ/BTC,1564445769506,2019-07-30T00:16:09.506Z,buy,2.017e-05,46.0,0.0009278199999999999
STORJ/BTC,1564445769506,2019-07-30T00:16:09.506Z,buy,2.018e-05,60.0,0.0012108
STORJ/BTC,1564445769506,2019-07-30T00:16:09.506Z,buy,2.019e-05,59.0,0.00119121
STORJ/BTC,1564445769607,2019-07-30T00:16:09.607Z,sell,2.019e-05,13.0,0.00026247
STORJ/BTC,1564445769764,2019-07-30T00:16:09.764Z,buy,2.02e-05,66.0,0.0013331999999999999
STORJ/BTC,1564445770104,2019-07-30T00:16:10.104Z,buy,2.021e-05,744.0,0.015036240000000001
STORJ/BTC,1564445771818,2019-07-30T00:16:11.818Z,buy,2.02e-05,89.0,0.0017978
STORJ/BTC,1564445772217,2019-07-30T00:16:12.217Z,sell,2.018e-05,150.0,0.003027
STORJ/BTC,1564445772217,2019-07-30T00:16:12.217Z,sell,2.017e-05,60.0,0.0012101999999999998
STORJ/BTC,1564445772556,2019-07-30T00:16:12.556Z,sell,2.017e-05,28.0,0.00056476
STORJ/BTC,1564445773913,2019-07-30T00:16:13.913Z,sell,2.017e-05,53.0,0.00106901
STORJ/BTC,1564445777517,2019-07-30T00:16:17.517Z,buy,2.02e-05,576.0,0.0116352
STORJ/BTC,1564445777546,2019-07-30T00:16:17.546Z,buy,2.02e-05,379.0,0.0076558
STORJ/BTC,1564445777548,2019-07-30T00:16:17.548Z,buy,2.02e-05,197.0,0.0039794
STORJ/BTC,1564445777550,2019-07-30T00:16:17.550Z,buy,2.02e-05,197.0,0.0039794
STORJ/BTC,1564445780530,2019-07-30T00:16:20.530Z,buy,2.02e-05,1466.0,0.0296132
STORJ/BTC,1564445781797,2019-07-30T00:16:21.797Z,buy,2.02e-05,1174.0,0.0237148
STORJ/BTC,1564445790405,2019-07-30T00:16:30.405Z,sell,2.02e-05,835.0,0.016867
STORJ/BTC,1564445791600,2019-07-30T00:16:31.600Z,buy,2.021e-05,48.0,0.0009700800000000001
STORJ/BTC,1564445791691,2019-07-30T00:16:31.691Z,buy,2.021e-05,99.0,0.00200079
STORJ/BTC,1564445791746,2019-07-30T00:16:31.746Z,buy,2.021e-05,91.0,0.0018391100000000001
STORJ/BTC,1564445791793,2019-07-30T00:16:31.793Z,buy,2.022e-05,576.0,0.01164672
STORJ/BTC,1564445792029,2019-07-30T00:16:32.029Z,buy,2.024e-05,2502.0,0.05064048
STORJ/BTC,1564445792091,2019-07-30T00:16:32.091Z,buy,2.024e-05,312.0,0.00631488
STORJ/BTC,1564445792185,2019-07-30T00:16:32.185Z,buy,2.023e-05,150.0,0.0030345000000000003
STORJ/BTC,1564445792311,2019-07-30T00:16:32.311Z,sell,2.023e-05,2112.0,0.04272576
STORJ/BTC,1564445793087,2019-07-30T00:16:33.087Z,buy,2.023e-05,150.0,0.0030345000000000003
STORJ/BTC,1564445793087,2019-07-30T00:16:33.087Z,buy,2.025e-05,341.0,0.00690525
STORJ/BTC,1564445794107,2019-07-30T00:16:34.107Z,buy,2.025e-05,493.0,0.00998325
STORJ/BTC,1564445795091,2019-07-30T00:16:35.091Z,buy,2.025e-05,493.0,0.00998325
STORJ/BTC,1564445795897,2019-07-30T00:16:35.897Z,buy,2.025e-05,367.0,0.00743175
STORJ/BTC,1564445796094,2019-07-30T00:16:36.094Z,buy,2.028e-05,493.0,0.00999804
STORJ/BTC,1564445796956,2019-07-30T00:16:36.956Z,sell,2.026e-05,150.0,0.003039
STORJ/BTC,1564445796956,2019-07-30T00:16:36.956Z,sell,2.025e-05,355.0,0.007188750000000001
STORJ/BTC,1564445797263,2019-07-30T00:16:37.263Z,sell,2.026e-05,150.0,0.003039
STORJ/BTC,1564445797263,2019-07-30T00:16:37.263Z,sell,2.025e-05,100.0,0.002025
STORJ/BTC,1564445797429,2019-07-30T00:16:37.429Z,sell,2.025e-05,30.0,0.0006075000000000001
STORJ/BTC,1564445798991,2019-07-30T00:16:38.991Z,sell,2.025e-05,150.0,0.0030375000000000003
STORJ/BTC,1564445799015,2019-07-30T00:16:39.015Z,sell,2.025e-05,909.0,0.01840725
STORJ/BTC,1564445805452,2019-07-30T00:16:45.452Z,buy,2.028e-05,150.0,0.003042
STORJ/BTC,1564445805452,2019-07-30T00:16:45.452Z,buy,2.029e-05,234.0,0.0047478600000000004
STORJ/BTC,1564445807533,2019-07-30T00:16:47.533Z,sell,2.026e-05,460.0,0.009319599999999999
STORJ/BTC,1564445808925,2019-07-30T00:16:48.925Z,sell,2.026e-05,92.0,0.0018639199999999998
STORJ/BTC,1564445809042,2019-07-30T00:16:49.042Z,buy,2.028e-05,150.0,0.003042
STORJ/BTC,1564445809117,2019-07-30T00:16:49.117Z,sell,2.028e-05,19.0,0.00038532
STORJ/BTC,1564445809141,2019-07-30T00:16:49.141Z,sell,2.028e-05,591.0,0.01198548
STORJ/BTC,1564445811387,2019-07-30T00:16:51.387Z,buy,2.029e-05,69.0,0.0014000100000000001
STORJ/BTC,1564445813686,2019-07-30T00:16:53.686Z,sell,2.028e-05,10.0,0.0002028
STORJ/BTC,1564445814431,2019-07-30T00:16:54.431Z,sell,2.028e-05,657.0,0.01332396
STORJ/BTC,1564445815484,2019-07-30T00:16:55.484Z,buy,2.026e-05,97.0,0.0019652199999999997
STORJ/BTC,1564445815485,2019-07-30T00:16:55.485Z,sell,2.023e-05,122.0,0.0024680600000000002
STORJ/BTC,1564445815512,2019-07-30T00:16:55.512Z,buy,2.026e-05,371.0,0.00751646
STORJ/BTC,1564445815609,2019-07-30T00:16:55.609Z,buy,2.029e-05,236.0,0.00478844
STORJ/BTC,1564445815817,2019-07-30T00:16:55.817Z,sell,2.029e-05,15.0,0.00030435
STORJ/BTC,1564445816086,2019-07-30T00:16:56.086Z,buy,2.03e-05,309.0,0.0062727
STORJ/BTC,1564445817216,2019-07-30T00:16:57.216Z,buy,2.03e-05,43.0,0.0008728999999999999
STORJ/BTC,1564445818097,2019-07-30T00:16:58.097Z,buy,2.031e-05,178.0,0.00361518
STORJ/BTC,1564445818097,2019-07-30T00:16:58.097Z,buy,2.032e-05,8.0,0.00016256
STORJ/BTC,1564445819086,2019-07-30T00:16:59.086Z,buy,2.032e-05,147.0,0.00298704
STORJ/BTC,1564445819086,2019-07-30T00:16:59.086Z,buy,2.033e-05,19.0,0.00038627
STORJ/BTC,1564445819122,2019-07-30T00:16:59.122Z,buy,2.033e-05,888.0,0.01805304
STORJ/BTC,1564445819856,2019-07-30T00:16:59.856Z,sell,2.031e-05,480.0,0.0097488
STORJ/BTC,1564445820071,2019-07-30T00:17:00.071Z,sell,2.03e-05,288.0,0.0058464
STORJ/BTC,1564445820101,2019-07-30T00:17:00.101Z,buy,2.031e-05,34.0,0.00069054
STORJ/BTC,1564445820101,2019-07-30T00:17:00.101Z,buy,2.034e-05,89.0,0.00181026
STORJ/BTC,1564445820101,2019-07-30T00:17:00.101Z,buy,2.036e-05,369.0,0.007512840000000001
STORJ/BTC,1564445821454,2019-07-30T00:17:01.454Z,sell,2.034e-05,16.0,0.00032544
STORJ/BTC,1564445822070,2019-07-30T00:17:02.070Z,sell,2.034e-05,30.0,0.0006102
STORJ/BTC,1564445822330,2019-07-30T00:17:02.330Z,buy,2.035e-05,104.0,0.0021164
STORJ/BTC,1564445822361,2019-07-30T00:17:02.361Z,buy,2.035e-05,226.0,0.0045991
STORJ/BTC,1564445822398,2019-07-30T00:17:02.398Z,sell,2.034e-05,100.0,0.002034
STORJ/BTC,1564445822415,2019-07-30T00:17:02.415Z,sell,2.034e-05,4.0,8.136e-05
STORJ/BTC,1564445822415,2019-07-30T00:17:02.415Z,sell,2.033e-05,96.0,0.00195168
STORJ/BTC,1564445823247,2019-07-30T00:17:03.247Z,buy,2.036e-05,1941.0,0.03951876
STORJ/BTC,1564445824756,2019-07-30T00:17:04.756Z,buy,2.035e-05,105.0,0.00213675
STORJ/BTC,1564445825361,2019-07-30T00:17:05.361Z,sell,2.033e-05,127.0,0.00258191
STORJ/BTC,1564445825612,2019-07-30T00:17:05.612Z,buy,2.035e-05,162.0,0.0032967
STORJ/BTC,1564445825612,2019-07-30T00:17:05.612Z,buy,2.036e-05,282.0,0.005741520000000001
STORJ/BTC,1564445827289,2019-07-30T00:17:07.289Z,buy,2.036e-05,1411.0,0.028727960000000004
STORJ/BTC,1564445827557,2019-07-30T00:17:07.557Z,sell,2.033e-05,139.0,0.00282587
STORJ/BTC,1564445828087,2019-07-30T00:17:08.087Z,buy,2.035e-05,148.0,0.0030118
STORJ/BTC,1564445828087,2019-07-30T00:17:08.087Z,buy,2.036e-05,827.0,0.01683772
STORJ/BTC,1564445828292,2019-07-30T00:17:08.292Z,sell,2.033e-05,122.0,0.00248026
STORJ/BTC,1564445828426,2019-07-30T00:17:08.426Z,buy,2.036e-05,1880.0,0.0382768
STORJ/BTC,1564445828801,2019-07-30T00:17:08.801Z,buy,2.036e-05,3552.0,0.07231872
STORJ/BTC,1564445828984,2019-07-30T00:17:08.984Z,buy,2.036e-05,613.0,0.012480680000000001
STORJ/BTC,1564445829159,2019-07-30T00:17:09.159Z,buy,2.036e-05,975.0,0.019851
STORJ/BTC,1564445829316,2019-07-30T00:17:09.316Z,buy,2.036e-05,1851.0,0.03768636
STORJ/BTC,1564445829761,2019-07-30T00:17:09.761Z,buy,2.036e-05,1288.0,0.026223680000000003
STORJ/BTC,1564445829764,2019-07-30T00:17:09.764Z,sell,2.033e-05,239.0,0.00485887
STORJ/BTC,1564445829829,2019-07-30T00:17:09.829Z,buy,2.036e-05,1255.0,0.025551800000000003
STORJ/BTC,1564445829906,2019-07-30T00:17:09.906Z,buy,2.036e-05,771.0,0.015697560000000003
STORJ/BTC,1564445830058,2019-07-30T00:17:10.058Z,buy,2.036e-05,700.0,0.014252
STORJ/BTC,1564445830058,2019-07-30T00:17:10.058Z,buy,2.037e-05,817.0,0.01664229
STORJ/BTC,1564445830066,2019-07-30T00:17:10.066Z,buy,2.037e-05,589.0,0.01199793
STORJ/BTC,1564445830161,2019-07-30T00:17:10.161Z,buy,2.039e-05,904.0,0.01843256
STORJ/BTC,1564445830161,2019-07-30T00:17:10.161Z,buy,2.042e-05,63.0,0.0012864600000000001
STORJ/BTC,1564445830292,2019-07-30T00:17:10.292Z,buy,2.039e-05,700.0,0.014273
STORJ/BTC,1564445830463,2019-07-30T00:17:10.463Z,buy,2.042e-05,317.0,0.0064731400000000005
STORJ/BTC,1564445831190,2019-07-30T00:17:11.190Z,buy,2.042e-05,19.0,0.00038798
STORJ/BTC,1564445831190,2019-07-30T00:17:11.190Z,buy,2.043e-05,51.0,0.00104193
STORJ/BTC,1564445831190,2019-07-30T00:17:11.190Z,buy,2.044e-05,214.0,0.00437416
STORJ/BTC,1564445831190,2019-07-30T00:17:11.190Z,buy,2.047e-05,206.0,0.00421682
STORJ/BTC,1564445831245,2019-07-30T00:17:11.245Z,buy,2.047e-05,1271.0,0.026017369999999998
STORJ/BTC,1564445831245,2019-07-30T00:17:11.245Z,buy,2.048e-05,655.0,0.0134144
STORJ/BTC,1564445831408,2019-07-30T00:17:11.408Z,buy,2.048e-05,1248.0,0.02555904
STORJ/BTC,1564445832097,2019-07-30T00:17:12.097Z,buy,2.048e-05,146.0,0.00299008
STORJ/BTC,1564445832826,2019-07-30T00:17:12.826Z,buy,2.048e-05,409.0,0.00837632
STORJ/BTC,1564445832826,2019-07-30T00:17:12.826Z,buy,2.049e-05,501.0,0.010265489999999999
STORJ/BTC,1564445833129,2019-07-30T00:17:13.129Z,buy,2.049e-05,123.0,0.00252027
STORJ/BTC,1564445833165,2019-07-30T00:17:13.165Z,buy,2.049e-05,123.0,0.00252027
STORJ/BTC,1564445833165,2019-07-30T00:17:13.165Z,buy,2.049e-05,256.0,0.00524544
STORJ/BTC,1564445833165,2019-07-30T00:17:13.165Z,buy,2.049e-05,123.0,0.00252027
STORJ/BTC,1564445833165,2019-07-30T00:17:13.165Z,buy,2.049e-05,256.0,0.00524544
STORJ/BTC,1564445833345,2019-07-30T00:17:13.345Z,buy,2.049e-05,382.0,0.00782718
STORJ/BTC,1564445833372,2019-07-30T00:17:13.372Z,buy,2.05e-05,2560.0,0.05248
STORJ/BTC,1564445833539,2019-07-30T00:17:13.539Z,sell,2.049e-05,129.0,0.00264321
STORJ/BTC,1564445834076,2019-07-30T00:17:14.076Z,buy,2.05e-05,9820.0,0.20131
STORJ/BTC,1564445834079,2019-07-30T00:17:14.079Z,buy,2.05e-05,1517.0,0.0310985
STORJ/BTC,1564445834081,2019-07-30T00:17:14.081Z,buy,2.05e-05,721.0,0.0147805
STORJ/BTC,1564445834097,2019-07-30T00:17:14.097Z,buy,2.053e-05,488.0,0.01001864
STORJ/BTC,1564445835084,2019-07-30T00:17:15.084Z,buy,2.053e-05,613.0,0.012584890000000001
STORJ/BTC,1564445835103,2019-07-30T00:17:15.103Z,buy,2.053e-05,587.0,0.01205111
STORJ/BTC,1564445835103,2019-07-30T00:17:15.103Z,buy,2.054e-05,384.0,0.00788736
STORJ/BTC,1564445835215,2019-07-30T00:17:15.215Z,buy,2.055e-05,120.0,0.0024660000000000003
STORJ/BTC,1564445836147,2019-07-30T00:17:16.147Z,buy,2.06e-05,486.0,0.010011599999999999
STORJ/BTC,1564445836642,2019-07-30T00:17:16.642Z,sell,2.053e-05,476.0,0.009772280000000001
STORJ/BTC,1564445836642,2019-07-30T00:17:16.642Z,sell,2.052e-05,1819.0,0.03732588
STORJ/BTC,1564445836642,2019-07-30T00:17:16.642Z,sell,2.051e-05,700.0,0.014356999999999998
STORJ/BTC,1564445836642,2019-07-30T00:17:16.642Z,sell,2.05e-05,2077.0,0.0425785
STORJ/BTC,1564445836642,2019-07-30T00:17:16.642Z,sell,2.049e-05,1327.0,0.02719023
STORJ/BTC,1564445836738,2019-07-30T00:17:16.738Z,buy,2.049e-05,11.0,0.00022538999999999998
STORJ/BTC,1564445836769,2019-07-30T00:17:16.769Z,buy,2.049e-05,11.0,0.00022538999999999998
STORJ/BTC,1564445836839,2019-07-30T00:17:16.839Z,buy,2.049e-05,1177.0,0.02411673
STORJ/BTC,1564445836850,2019-07-30T00:17:16.850Z,buy,2.049e-05,11.0,0.00022538999999999998
STORJ/BTC,1564445836861,2019-07-30T00:17:16.861Z,buy,2.049e-05,700.0,0.014343
STORJ/BTC,1564445837077,2019-07-30T00:17:17.077Z,buy,2.049e-05,1557.0,0.031902929999999996
STORJ/BTC,1564445837086,2019-07-30T00:17:17.086Z,buy,2.049e-05,1286.0,0.026350139999999998
STORJ/BTC,1564445837109,2019-07-30T00:17:17.109Z,sell,2.048e-05,103.0,0.00210944
STORJ/BTC,1564445837238,2019-07-30T00:17:17.238Z,buy,2.048e-05,223.0,0.0045670400000000005
STORJ/BTC,1564445837238,2019-07-30T00:17:17.238Z,buy,2.049e-05,1705.0,0.03493545
STORJ/BTC,1564445837238,2019-07-30T00:17:17.238Z,buy,2.049e-05,2592.0,0.05311008
STORJ/BTC,1564445837544,2019-07-30T00:17:17.544Z,buy,2.049e-05,880.0,0.018031199999999997
STORJ/BTC,1564445837620,2019-07-30T00:17:17.620Z,buy,2.049e-05,9207.0,0.18865142999999998
STORJ/BTC,1564445837851,2019-07-30T00:17:17.851Z,buy,2.049e-05,1284.0,0.026309159999999998
STORJ/BTC,1564445837878,2019-07-30T00:17:17.878Z,buy,2.049e-05,375.0,0.00768375
STORJ/BTC,1564445837900,2019-07-30T00:17:17.900Z,buy,2.049e-05,134.0,0.00274566
STORJ/BTC,1564445838071,2019-07-30T00:17:18.071Z,buy,2.049e-05,613.0,0.01256037
STORJ/BTC,1564445838096,2019-07-30T00:17:18.096Z,buy,2.049e-05,605.0,0.01239645
STORJ/BTC,1564445838294,2019-07-30T00:17:18.294Z,buy,2.049e-05,901.0,0.018461489999999997
STORJ/BTC,1564445838321,2019-07-30T00:17:18.321Z,buy,2.049e-05,1373.0,0.028132769999999998
STORJ/BTC,1564445838473,2019-07-30T00:17:18.473Z,buy,2.049e-05,106.0,0.00217194
STORJ/BTC,1564445838698,2019-07-30T00:17:18.698Z,buy,2.049e-05,7.0,0.00014343
STORJ/BTC,1564445838883,2019-07-30T00:17:18.883Z,buy,2.049e-05,235.0,0.00481515
STORJ/BTC,1564445838901,2019-07-30T00:17:18.901Z,buy,2.056e-05,229.0,0.00470824
STORJ/BTC,1564445839257,2019-07-30T00:17:19.257Z,buy,2.059e-05,2.0,4.118e-05
STORJ/BTC,1564445839314,2019-07-30T00:17:19.314Z,buy,2.057e-05,700.0,0.014399
STORJ/BTC,1564445839314,2019-07-30T00:17:19.314Z,buy,2.059e-05,10.0,0.00020590000000000002
STORJ/BTC,1564445839314,2019-07-30T00:17:19.314Z,buy,2.06e-05,73.0,0.0015038
STORJ/BTC,1564445839343,2019-07-30T00:17:19.343Z,sell,2.06e-05,348.0,0.0071687999999999995
STORJ/BTC,1564445839380,2019-07-30T00:17:19.380Z,sell,2.06e-05,73.0,0.0015038
STORJ/BTC,1564445840026,2019-07-30T00:17:20.026Z,sell,2.061e-05,30.0,0.0006183
STORJ/BTC,1564445840112,2019-07-30T00:17:20.112Z,sell,2.061e-05,295.0,0.006079950000000001
STORJ/BTC,1564445841500,2019-07-30T00:17:21.500Z,buy,2.063e-05,6.0,0.00012378
STORJ/BTC,1564445844086,2019-07-30T00:17:24.086Z,buy,2.066e-05,3468.0,0.07164888
STORJ/BTC,1564445844228,2019-07-30T00:17:24.228Z,sell,2.063e-05,42.0,0.00086646
STORJ/BTC,1564445844228,2019-07-30T00:17:24.228Z,sell,2.06e-05,958.0,0.0197348
STORJ/BTC,1564445844258,2019-07-30T00:17:24.258Z,sell,2.06e-05,295.0,0.006077
STORJ/BTC,1564445846134,2019-07-30T00:17:26.134Z,buy,2.068e-05,148.0,0.00306064
STORJ/BTC,1564445847087,2019-07-30T00:17:27.087Z,buy,2.069e-05,17.0,0.00035173
STORJ/BTC,1564445847087,2019-07-30T00:17:27.087Z,buy,2.07e-05,333.0,0.006893099999999999
STORJ/BTC,1564445847238,2019-07-30T00:17:27.238Z,sell,2.068e-05,537.0,0.01110516
STORJ/BTC,1564445847246,2019-07-30T00:17:27.246Z,sell,2.068e-05,3476.0,0.07188367999999999
STORJ/BTC,1564445848100,2019-07-30T00:17:28.100Z,buy,2.066e-05,613.0,0.01266458
STORJ/BTC,1564445848908,2019-07-30T00:17:28.908Z,buy,2.071e-05,68.0,0.00140828
STORJ/BTC,1564445849696,2019-07-30T00:17:29.696Z,sell,2.062e-05,150.0,0.003093
STORJ/BTC,1564445849696,2019-07-30T00:17:29.696Z,sell,2.061e-05,163.0,0.00335943
STORJ/BTC,1564445849943,2019-07-30T00:17:29.943Z,buy,2.071e-05,6.0,0.00012426
STORJ/BTC,1564445850010,2019-07-30T00:17:30.010Z,buy,2.07e-05,95.0,0.0019665
STORJ/BTC,1564445850010,2019-07-30T00:17:30.010Z,buy,2.07e-05,68.0,0.0014076
STORJ/BTC,1564445850010,2019-07-30T00:17:30.010Z,buy,2.071e-05,27.0,0.00055917
STORJ/BTC,1564445853702,2019-07-30T00:17:33.702Z,sell,2.068e-05,836.0,0.01728848
STORJ/BTC,1564445858916,2019-07-30T00:17:38.916Z,sell,2.068e-05,8.0,0.00016544
STORJ/BTC,1564445859989,2019-07-30T00:17:39.989Z,buy,2.069e-05,792.0,0.01638648
STORJ/BTC,1564445860052,2019-07-30T00:17:40.052Z,sell,2.069e-05,72.0,0.00148968
STORJ/BTC,1564445860052,2019-07-30T00:17:40.052Z,sell,2.068e-05,69.0,0.00142692
STORJ/BTC,1564445860052,2019-07-30T00:17:40.052Z,sell,2.065e-05,5.0,0.00010325
STORJ/BTC,1564445860052,2019-07-30T00:17:40.052Z,sell,2.063e-05,324.0,0.00668412
STORJ/BTC,1564445860052,2019-07-30T00:17:40.052Z,sell,2.062e-05,1684.0,0.03472408
STORJ/BTC,1564445860052,2019-07-30T00:17:40.052Z,sell,2.061e-05,1379.0,0.028421190000000002
STORJ/BTC,1564445860052,2019-07-30T00:17:40.052Z,sell,2.06e-05,5309.0,0.1093654
STORJ/BTC,1564445860072,2019-07-30T00:17:40.072Z,buy,2.06e-05,1688.0,0.0347728
STORJ/BTC,1564445860078,2019-07-30T00:17:40.078Z,buy,2.06e-05,1.0,2.06e-05
STORJ/BTC,1564445861113,2019-07-30T00:17:41.113Z,sell,2.061e-05,254.0,0.00523494
STORJ/BTC,1564445861585,2019-07-30T00:17:41.585Z,sell,2.057e-05,32.0,0.00065824
STORJ/BTC,1564445862202,2019-07-30T00:17:42.202Z,buy,2.062e-05,142.0,0.00292804
STORJ/BTC,1564445862490,2019-07-30T00:17:42.490Z,sell,2.054e-05,385.0,0.0079079
STORJ/BTC,1564445862490,2019-07-30T00:17:42.490Z,sell,2.052e-05,5790.0,0.1188108
STORJ/BTC,1564445862497,2019-07-30T00:17:42.497Z,sell,2.052e-05,2112.0,0.04333824
STORJ/BTC,1564445862501,2019-07-30T00:17:42.501Z,sell,2.052e-05,1090.0,0.0223668
STORJ/BTC,1564445862501,2019-07-30T00:17:42.501Z,sell,2.051e-05,6.0,0.00012305999999999998
STORJ/BTC,1564445862501,2019-07-30T00:17:42.501Z,sell,2.05e-05,38.0,0.000779
STORJ/BTC,1564445862501,2019-07-30T00:17:42.501Z,sell,2.048e-05,1488.0,0.03047424
STORJ/BTC,1564445862501,2019-07-30T00:17:42.501Z,sell,2.046e-05,700.0,0.014322
STORJ/BTC,1564445862501,2019-07-30T00:17:42.501Z,sell,2.045e-05,968.0,0.0197956
STORJ/BTC,1564445862504,2019-07-30T00:17:42.504Z,sell,2.045e-05,820.0,0.016769
STORJ/BTC,1564445862504,2019-07-30T00:17:42.504Z,sell,2.042e-05,774.0,0.01580508
STORJ/BTC,1564445862504,2019-07-30T00:17:42.504Z,sell,2.041e-05,361.0,0.0073680099999999995
STORJ/BTC,1564445862504,2019-07-30T00:17:42.504Z,sell,2.04e-05,838.0,0.0170952
STORJ/BTC,1564445862529,2019-07-30T00:17:42.529Z,buy,2.048e-05,770.0,0.0157696
STORJ/BTC,1564445862530,2019-07-30T00:17:42.530Z,sell,2.04e-05,774.0,0.0157896
STORJ/BTC,1564445862530,2019-07-30T00:17:42.530Z,sell,2.039e-05,1001.0,0.02041039
STORJ/BTC,1564445862530,2019-07-30T00:17:42.530Z,sell,2.038e-05,1354.0,0.02759452
STORJ/BTC,1564445862530,2019-07-30T00:17:42.530Z,sell,2.036e-05,1303.0,0.026529080000000003
STORJ/BTC,1564445862530,2019-07-30T00:17:42.530Z,sell,2.034e-05,905.0,0.0184077
STORJ/BTC,1564445862530,2019-07-30T00:17:42.530Z,sell,2.033e-05,170.0,0.0034561
STORJ/BTC,1564445862530,2019-07-30T00:17:42.530Z,sell,2.032e-05,170.0,0.0034544
STORJ/BTC,1564445862530,2019-07-30T00:17:42.530Z,sell,2.031e-05,498.0,0.010114380000000001
STORJ/BTC,1564445862604,2019-07-30T00:17:42.604Z,buy,2.048e-05,259.0,0.00530432
STORJ/BTC,1564445862746,2019-07-30T00:17:42.746Z,buy,2.055e-05,2.0,4.11e-05
STORJ/BTC,1564445863228,2019-07-30T00:17:43.228Z,sell,2.045e-05,102.0,0.0020859
STORJ/BTC,1564445863258,2019-07-30T00:17:43.258Z,buy,2.052e-05,140.0,0.0028728
STORJ/BTC,1564445863277,2019-07-30T00:17:43.277Z,buy,2.052e-05,30.0,0.0006156
STORJ/BTC,1564445863280,2019-07-30T00:17:43.280Z,buy,2.052e-05,193.0,0.00396036
STORJ/BTC,1564445863280,2019-07-30T00:17:43.280Z,buy,2.053e-05,131.0,0.00268943
STORJ/BTC,1564445863285,2019-07-30T00:17:43.285Z,buy,2.053e-05,30.0,0.0006159000000000001
STORJ/BTC,1564445863294,2019-07-30T00:17:43.294Z,buy,2.053e-05,32.0,0.00065696
STORJ/BTC,1564445863303,2019-07-30T00:17:43.303Z,buy,2.053e-05,32.0,0.00065696
STORJ/BTC,1564445863371,2019-07-30T00:17:43.371Z,buy,2.053e-05,193.0,0.00396229
STORJ/BTC,1564445863394,2019-07-30T00:17:43.394Z,buy,2.053e-05,17.0,0.00034901
STORJ/BTC,1564445863394,2019-07-30T00:17:43.394Z,buy,2.055e-05,34.0,0.0006987
STORJ/BTC,1564445863411,2019-07-30T00:17:43.411Z,buy,2.055e-05,182.0,0.0037401
STORJ/BTC,1564445863411,2019-07-30T00:17:43.411Z,buy,2.055e-05,182.0,0.0037401
STORJ/BTC,1564445863417,2019-07-30T00:17:43.417Z,buy,2.055e-05,182.0,0.0037401
STORJ/BTC,1564445863417,2019-07-30T00:17:43.417Z,buy,2.055e-05,30.0,0.0006165000000000001
STORJ/BTC,1564445863417,2019-07-30T00:17:43.417Z,buy,2.055e-05,182.0,0.0037401
STORJ/BTC,1564445863421,2019-07-30T00:17:43.421Z,buy,2.055e-05,182.0,0.0037401
STORJ/BTC,1564445863422,2019-07-30T00:17:43.422Z,buy,2.055e-05,182.0,0.0037401
STORJ/BTC,1564445863441,2019-07-30T00:17:43.441Z,sell,2.046e-05,274.0,0.0056060400000000005
STORJ/BTC,1564445863441,2019-07-30T00:17:43.441Z,sell,2.045e-05,636.0,0.013006199999999999
STORJ/BTC,1564445863445,2019-07-30T00:17:43.445Z,buy,2.055e-05,174.0,0.0035757000000000002
STORJ/BTC,1564445863461,2019-07-30T00:17:43.461Z,buy,2.055e-05,92.0,0.0018906
STORJ/BTC,1564445863560,2019-07-30T00:17:43.560Z,sell,2.053e-05,16.0,0.00032848
STORJ/BTC,1564445863890,2019-07-30T00:17:43.890Z,sell,2.046e-05,68.0,0.00139128
STORJ/BTC,1564445863983,2019-07-30T00:17:43.983Z,buy,2.05e-05,48.0,0.000984
STORJ/BTC,1564445863983,2019-07-30T00:17:43.983Z,buy,2.052e-05,5.0,0.0001026
STORJ/BTC,1564445864133,2019-07-30T00:17:44.133Z,buy,2.051e-05,226.0,0.0046352599999999996
STORJ/BTC,1564445864151,2019-07-30T00:17:44.151Z,buy,2.051e-05,98.0,0.0020099799999999998
STORJ/BTC,1564445864262,2019-07-30T00:17:44.262Z,buy,2.052e-05,305.0,0.0062586
STORJ/BTC,1564445864479,2019-07-30T00:17:44.479Z,buy,2.052e-05,3279.0,0.06728508
STORJ/BTC,1564445865116,2019-07-30T00:17:45.116Z,sell,2.052e-05,101.0,0.00207252
STORJ/BTC,1564445865117,2019-07-30T00:17:45.117Z,sell,2.052e-05,528.0,0.01083456
STORJ/BTC,1564445865289,2019-07-30T00:17:45.289Z,buy,2.053e-05,642.0,0.013180260000000001
STORJ/BTC,1564445865289,2019-07-30T00:17:45.289Z,buy,2.054e-05,788.0,0.01618552
